2475 3739
333 1628 477 1787 24
701 297 2253 358 lesquelles Instanment rendirent leur laict
737 389 1436 447 comme au paravant.
716 517 2274 581 Dit de plus que par une fois, ayant refuse aladite
765 601 2276 662 Annelin de lui aller querir une charre de bois
725 687 2295 755 Le millieur de leur chevaulx vint malade
753 786 2280 858 de sorte quil en morut et a opinion, qu'elle
791 876 1983 953 avoit donne le mal audit cheval.
692 1027 2192 1108 Dit quil a tousjour ouys suspitionner ladite
732 1114 1629 1180 Annelin estre une sorciere
507 1286 2301 1464 Perrin coinson, dudit Courthedoubs Par serement depose
648 1424 2270 1493 que sont environ quinze Jours quil fust requis
635 1507 2156 1582 daller de mener du bouement pour ladite
609 1588 2349 1681 Annelin ; ce que lui ayant refuse, par ce quil
642 1692 2178 1765 a asse a faire pour lui. Que ladite
605 1785 2130 1869 Annelin les a menace et dit quil nen,
629 1886 2223 1976 gaigneroyent rien. Surce lui est venu ung
669 1991 2238 2075 cheval malade lequel, est mort et tient
672 2085 2208 2175 deposant que Ladite Annelin lui a donne ladite
678 2198 1040 2273 maladie.
699 2303 2270 2376 Dit que divers lors quil a des neiges, quon,
732 2351 2288 2457 voit, tant sur le toidt que au vergier derrier la
692 2480 2289 2549 maison, deladite Annelin, des passees estranges
699 2568 1614 2632 comme passees de vaches.
669 2695 2280 2774 Dit quil a tousjour ouys dire aux enffans delle
702 2743 2306 2851 quil y avoit ung gros noir chamatt chatt qualloit par leur
710 2852 1958 2912 maisons, quil en avoyent bien peur
