2633 3956
519 1025 582 1178 3
588 513 652 563 1
1286 189 2199 285 Du 24 de Novembre 1608
1196 296 2474 399 Interrogaulx faict a Annelin vefve de
1235 389 2393 459 Pierrat vauthier, de Courthedoubs
800 538 2327 633 A quelle raison elle est estee tiree en prison.
578 749 2351 831 2 Sy point elle a frappe au Louvre lucie fille
846 830 1389 890 Pierre Broingne
620 877 854 954 Negat
767 1049 2511 1165 Sy point elle a heu frappe lenfant henri Coinson
701 1108 923 1183 Negat
765 1307 2307 1436 Sy point elle a heu greve a la femme dudit
579 1389 654 1458 4
792 1410 1283 1474 henri Coinson
657 1486 954 1549 Negat
788 1620 2367 1777 Quel passes de vache se retreuvyent
785 1733 2475 1882 derrier sa maison et dessus son toict en temps
542 1757 625 1839 5
776 1828 998 1880 dhivers
692 1893 2556 1976 Respond que ce nest seulement derrier chies elle mais partout le vilage
779 2020 2514 2151 Qui estoit ce Noir homme que se retreuvoit
525 2124 629 2203 6
812 2116 2499 2259 en son poille et en sa maison que son fils aveu
809 2222 1310 2306 souventesfois
599 2288 834 2365 Negat
792 2430 2370 2564 Pourquoi elle a baptuz son fils que lavoit
795 2531 1082 2583 divulgue
678 2593 920 2651 Negat
756 2744 2330 2842 Quell estoit cest homme que fust avec elle
786 2845 2529 2941 devant les fenestres de Vernier thorel que vouloit
558 2916 636 2985 8
777 2932 2448 3030 donner de largent a la femme dudit Vernier
762 3024 2547 3121 pour payer les emendes Que ladite femme debvoit
495 3106 746 3174 Negat
732 3173 2445 3336 Qui a cause la maladie de ladite femme dudit
558 3262 609 3328 9
714 3337 2442 3422 vernier quelle avoit les mains closes Et par apres
757 3412 1439 3466 perdit La parolle
558 3526 825 3565 Negat
