2643 3968
302 642 614 746 Anne
270 770 702 884 vauthier
800 273 2340 361 Je, Annelin vefve de Pierrat vauthier de
806 376 2280 436 Courthedoubz, Cougnois librement et sans
828 454 2351 515 controincte, Comment que dez longue main
797 536 2406 602 Je sois este diffame par bruict comung destre
797 622 2391 700 une sorciere et genauche, et pour ce regard
789 736 2480 799 plusieurs plainctes et doleances soyent estees faictes
789 820 2475 898 contre de moy, Quont donne occasion a Messieurs
800 914 2513 993 les hault Officiers doffice de faire inquisition
804 1012 2486 1080 contre de moy Et retreuve par icelle des indices
791 1102 2480 1175 et conjectures pregnantes et concluantes, Le tout
795 1213 2505 1315 comme est au long pourte par lesdites informations
798 1328 2445 1413 Pour raison dequoi je seroye este saisie au
795 1418 2544 1520 corps conduite et menee au chasteau et forteresse
767 1520 2388 1612 de Pourrentruy et jusques au present y Detenue
786 1618 2397 1711 durant lequel terme Messieurs les Officiers
783 1732 2412 1808 ont procede avec moy suivant ordre de droit et
786 1831 2487 1906 au contenu des ordonnances penibles du Sainct Empire
795 1922 2370 2018 voyre jusques a avoir sostenu la question et
792 2023 2382 2105 torture moderement. Sy est ce que persistant
791 2119 2484 2207 et perseverant a linficiatx, et negative de tous
776 2206 2454 2296 Les faictz pourtez auxdites informations. Combien
791 2314 2340 2380 Que les preuves soyent revestues de toutes
795 2395 2430 2471 circonstances conluantes , Et que nonobstant
774 2489 2486 2573 ma pertace inficiation Mesdits seigneurs les Officiers
791 2576 2501 2668 ayent preuves suffisante pour maccuser devant
756 2681 2459 2769 La justice criminelle, Et me convaincre desdits
774 2779 2340 2871 faictz par tesmoing suffisans pourte ausdites
762 2874 2337 2958 informations ; Sy est ce que a ma humble
762 2960 2373 3059 priere et requeste faicte a Moin Seigneur et
765 3050 2493 3164 Prince, ayant heu pitie de mes pouvres enffans
759 3173 2486 3272 Il a pleu a Son Excellence Reverendissime me
