2637 3848
671 214 2271 285 Item confesse qualors ledi elle heust sa
744 306 2211 372 compagnie et copulation avec Iceluy
692 446 2270 517 Item confesse qualors aussy elle receut
731 527 2228 608 dudit Hämmerlin son maitre, de largent
734 617 2277 694 comme elle pensoit, mais quayant
720 721 2307 785 regardé a son depart, ce nestoit esté que
867 804 1250 876 de feuilles.
732 954 2307 1021 Item confesse que ledit Hammerlin avoit
1482 1042 2301 1126 des pieds de vache.
734 1054 1466 1129 des pieds comme [!!!inversion des lignes 9 et 10!!!]
710 1198 2231 1305 Item confesse qualors ledit Hammerlin
713 1302 2225 1414 sondit maitre, Lui donna du poulsat en
731 1392 2366 1512 une bouete pour nuire a gens et a bestes.
647 1553 2240 1657 Item confesse que dudit poulsat elle en
699 1653 2301 1735 avoit jecté sur les porcs de Caspar
693 1729 2289 1831 vallat, Questoyent dessus le grainier
698 1823 2321 1928 et lesquelx en morurent, Et ce a raison
705 1923 2331 2020 de ce que ledit Caspar laccusoit davoir
714 2021 2313 2110 prins de la closure en une barre.
1878 2141 2048 2219 aussi
699 2187 2333 2325 Item confesse quelle avoit jecté dudit
686 2303 2330 2416 poulsat sur lung des chevaulx de chez
668 2408 2364 2501 Mori guyon Et questant sollicitee des
678 2521 2438 2610 gens de chez ledit guyon de lui ayder, quicelle
716 2620 2427 2697 conseilla de faire ung veu pour ledit
777 2704 2420 2787 cheval a Souharce, Ce que ayant
705 2784 2402 2875 prins ung estaulx et faict ledit voyaige
753 2866 2349 2979 et prins des herbes et de la terre du
707 2968 2231 3061 Cymetiere et en donné a manger audit
692 3077 2333 3163 cheval, Il estoit devenu guairis et luy
668 3154 1334 3219 avoit osté le mal
