2565 3746
432 2666 595 2824 22
762 225 2232 302 faschee de sorte que tout Instamment ladite
753 324 2333 392 seure dudit deposant devint malade, et disoit
743 410 2261 489 que ladite Annelin lui avoit donne le mal
762 511 2202 585 dequoi elle morut quelque temps apres.
672 626 2279 717 Dit quil a tousjours ouys appeller sorciere
746 842 2381 932 Jehan Jordain dudit Courthedoubs Pas serement depose
797 934 2330 1026 quil a de long temps ouys suspitionner ladite
776 1022 2306 1115 Annelin estre une sorciere aultre chose nen
791 1129 953 1190 scait.
723 1274 2387 1361 Nicolas torel dudit Courthedoubs depose que lui
752 1358 2303 1432 deposant a heu des chievres que ne vouloyent
767 1421 2336 1510 donner leur laict, et questant este advertis
752 1507 2255 1597 de leur voisins de prendre des herbes au
773 1593 2330 1667 curtil de ceulx quil se mefioyent et en
761 1689 2336 1763 leur en donner, a manger quelles guairiroyent
768 1777 2255 1860 Ce que la femme dudit deposant a heu
779 1877 2438 1956 execute Que tousjour lesdites chievres rendoyent
759 1966 2429 2049 Leur laict Et dit avoir fait cela a reyterrees fois.
759 2162 2343 2238 Dedie villain par serement depose, que par une fois
770 2237 2417 2322 la mere de deposant ayant apporte au marche
768 2338 2337 2426 vendre du beurre Ladite Annelin le tint et
759 2435 2277 2510 mania. Et estant retour, les vaches dudit
756 2542 2310 2609 deposant donnoyent du laict quon heust
783 2638 2397 2726 bien trayne partout le villaige. Sur quoi estant
731 2753 2393 2822 La mere dudit deposant estee conseillee elle
788 2851 2262 2924 fust prendre des herbes au curtil delle
762 2942 2322 3030 ladite Annelin, et en donna a manger aux vaches
