<?xml version='1.0' encoding='utf-8'?>
<PcGts xmlns="http://schema.primaresearch.org/PAGE/gts/pagecontent/2013-07-15" xmlns:xsi="http://www.w3.org/2001/XMLSchema-instance" xsi:schemaLocation="http://schema.primaresearch.org/PAGE/gts/pagecontent/2013-07-15 http://schema.primaresearch.org/PAGE/gts/pagecontent/2013-07-15/pagecontent.xsd">
    <Metadata>
        <Creator>prov=University of Rostock/Institute of Mathematics/CITlab|PLANET AI GmbH/Tobias Gruening/tobias.gruening@planet-ai.de:name=/net_tf/LA73_249_0mod360.pb:de.uros.citlab.segmentation.CITlab_LA_ML:v=2.6.7
Transkribus</Creator>
        <Created>2021-11-26T16:14:23.945+01:00</Created>
        <LastChange>2021-12-10T11:05:29.819+01:00</LastChange>
        <TranskribusMetadata docId="843468" pageId="31259700" pageNr="2" tsid="70246488" status="GT" userId="52016" imgUrl="https://files.transkribus.eu/Get?id=EUXNNSSWXOUENUUZBJDBYUIU&amp;fileType=view" xmlUrl="https://files.transkribus.eu/Get?id=VCCXRRYBXZSTLSXWZGUGTRPK" imageId="24636279"/>
    </Metadata>
    <Page imageFilename="B_168_15-2-2_0002.jpg" imageWidth="2544" imageHeight="3751" type="content">
        <ReadingOrder>
            <OrderedGroup id="ro_1646323954683" caption="Regions reading order">
                <RegionRefIndexed index="0" regionRef="r1"/>
            </OrderedGroup>
        </ReadingOrder>
        <TextRegion orientation="0.0" id="r1" custom="readingOrder {index:0;}">
            <Coords points="711,281 711,3131 2384,3131 2384,281"/>
            <TextLine id="r1l1" custom="readingOrder {index:0;} abbrev {offset:16; length:3;expansion:dudit;}">
                <Coords points="663,232 552,324 582,360 1661,339 1705,384 1742,339 1982,338 1989,381 2063,338 2384,336 2384,281 1100,292 1028,262 1019,294 939,298 858,268 859,301 766,227 663,232"/>
                <Baseline points="779,342 2384,318"/>
                <TextEquiv>
                    <Unicode>Vernier perrial dud Courthedoubs par serment</Unicode>
                </TextEquiv>
            </TextLine>
            <TextLine id="r1l2" custom="readingOrder {index:1;}">
                <Coords points="780,443 1488,417 1518,452 1567,417 1961,417 2000,452 2040,417 2355,411 2355,356 858,380 780,388 780,443"/>
                <Baseline points="780,425 2355,393"/>
                <TextEquiv>
                    <Unicode>a depose Que deposant avoit la fille de</Unicode>
                </TextEquiv>
            </TextLine>
            <TextLine id="r1l3" custom="readingOrder {index:2;}">
                <Coords points="752,531 763,563 827,525 1127,511 1147,563 1202,510 1502,505 1513,544 1577,505 1952,502 1981,544 2027,501 2252,495 2252,438 902,463 752,474 752,531"/>
                <Baseline points="752,512 2252,476"/>
                <TextEquiv>
                    <Unicode>Pierre Broingne pour servande Laquelle</Unicode>
                </TextEquiv>
            </TextLine>
            <TextLine id="r1l4" custom="readingOrder {index:3;} abbrev {offset:36; length:1;expansion:p;} abbrev {offset:38; length:3;expansion:ladite;}">
                <Coords points="749,600 1567,586 1597,617 1641,585 1659,617 1716,584 1762,622 1790,583 1865,582 1843,600 1870,614 2013,580 1997,614 2035,619 2162,579 2246,622 2190,495 2088,549 1981,522 1865,552 1854,500 1790,553 1716,554 1713,517 1656,506 1641,555 1418,558 1407,500 1269,560 1226,527 1195,561 933,544 749,570 749,600"/>
                <Baseline points="749,590 2237,567"/>
                <TextEquiv>
                    <Unicode>estant alle au Louvre, fust frappee p lad</Unicode>
                </TextEquiv>
            </TextLine>
            <TextLine id="r1l5" custom="readingOrder {index:4;}">
                <Coords points="741,646 676,720 792,649 974,636 974,606 741,616 741,646"/>
                <Baseline points="741,636 974,626"/>
                <TextEquiv>
                    <Unicode>Annelin</Unicode>
                </TextEquiv>
            </TextLine>
            <TextLine id="r1l6" custom="readingOrder {index:5;} textStyle {offset:0; length:5;strikethrough:true;}">
                <Coords points="868,646 720,657 678,712 992,673 1131,711 1208,672 1351,672 1342,706 1423,673 1710,676 1729,709 1782,678 2357,688 2357,658 2141,654 2125,590 2069,654 2041,622 1998,652 1992,619 1926,651 1857,609 1854,649 1710,646 1710,619 1495,643 1478,603 1351,642 1136,642 1072,611 868,646"/>
                <Baseline points="921,665 2357,678"/>
                <TextEquiv>
                    <Unicode>Lucie laquelle servande depuis vint inpotente</Unicode>
                </TextEquiv>
            </TextLine>
            <TextLine id="r1l7" custom="readingOrder {index:6;} abbrev {offset:10; length:3;expansion:ladite;} abbrev {offset:23; length:1;expansion:que;}">
                <Coords points="761,777 1506,771 1560,809 1655,774 2252,786 2252,728 997,688 761,719 761,777"/>
                <Baseline points="761,758 2252,767"/>
                <TextEquiv>
                    <Unicode>et disoit Lad servande q telle maladie</Unicode>
                </TextEquiv>
            </TextLine>
            <TextLine id="r1l8" custom="readingOrder {index:7;}">
                <Coords points="683,843 683,885 762,858 2294,877 2294,820 1374,799 1300,767 1298,801 762,801 683,843"/>
                <Baseline points="762,839 1834,836 2294,858"/>
                <TextEquiv>
                    <Unicode>Lui estoit derivee du coup quelle avoit receu</Unicode>
                </TextEquiv>
            </TextLine>
            <TextLine id="r1l10" custom="readingOrder {index:8;} abbrev {offset:3; length:3;expansion:ladite;} textStyle {offset:7; length:3;strikethrough:true;}">
                <Coords points="753,940 2297,958 2297,901 1827,859 753,883 753,940"/>
                <Baseline points="753,921 1679,915 2297,939"/>
                <TextEquiv>
                    <Unicode>de lad Luc Annelin. Et dit encore</Unicode>
                </TextEquiv>
            </TextLine>
            <TextLine id="r1l11" custom="readingOrder {index:9;} abbrev {offset:19; length:1;expansion:que;} abbrev {offset:21; length:3;expansion:ladite;}">
                <Coords points="753,1027 821,1070 979,1024 1130,1023 1117,1049 1582,1024 1555,1057 1658,1024 2262,1030 2262,972 2138,946 2111,971 1658,966 1487,931 1432,965 1327,935 1281,965 910,939 828,968 794,935 753,969 753,1027"/>
                <Baseline points="753,1008 2262,1011"/>
                <TextEquiv>
                    <Unicode>tousjour ouys dire q lad Annelin estoit une</Unicode>
                </TextEquiv>
            </TextLine>
            <TextLine id="r1l12" custom="readingOrder {index:10;}">
                <Coords points="722,1129 742,1165 776,1131 1055,1125 1055,1067 776,1073 722,1129"/>
                <Baseline points="776,1112 1055,1106"/>
                <TextEquiv>
                    <Unicode>sorciere</Unicode>
                </TextEquiv>
            </TextLine>
            <TextLine id="r1l13" custom="readingOrder {index:11;}">
                <Coords points="676,1364 675,1516 808,1404 889,1399 891,1427 1050,1392 1086,1422 1131,1389 1600,1412 1614,1386 2098,1384 2146,1417 2178,1383 2340,1378 2340,1320 1937,1328 1897,1287 1856,1328 1131,1331 1100,1305 1050,1334 971,1302 889,1341 811,1297 676,1364"/>
                <Baseline points="728,1389 2340,1359"/>
                <TextEquiv>
                    <Unicode>Henri Coinson dudi Courthedoubs depose que</Unicode>
                </TextEquiv>
            </TextLine>
            <TextLine id="r1l14" custom="readingOrder {index:12;} abbrev {offset:31; length:1;expansion:que;}">
                <Coords points="766,1449 700,1494 2262,1467 2262,1409 968,1405 766,1449"/>
                <Baseline points="794,1472 2262,1448"/>
                <TextEquiv>
                    <Unicode>Lui deposant avoit ung enffant q devint</Unicode>
                </TextEquiv>
            </TextLine>
            <TextLine id="r1l15" custom="readingOrder {index:13;}">
                <Coords points="737,1584 1635,1551 1615,1582 1644,1594 1716,1551 2370,1548 2370,1490 1063,1503 737,1526 737,1584"/>
                <Baseline points="737,1565 1226,1536 2370,1529"/>
                <TextEquiv>
                    <Unicode>malade et layant interrogue dou venoit ceste</Unicode>
                </TextEquiv>
            </TextLine>
            <TextLine id="r1l16" custom="readingOrder {index:14;} abbrev {offset:38; length:1;expansion:que;}">
                <Coords points="719,1672 2294,1656 2294,1598 1427,1589 1349,1560 1349,1590 1034,1600 973,1572 955,1602 719,1614 719,1672"/>
                <Baseline points="719,1653 1585,1626 2294,1637"/>
                <TextEquiv>
                    <Unicode>maladie respondit que sestoit Annelin q</Unicode>
                </TextEquiv>
            </TextLine>
            <TextLine id="r1l17" custom="readingOrder {index:15;} textStyle {offset:26; length:6;strikethrough:true;}">
                <Coords points="690,1750 687,1774 1009,1777 2026,1729 2079,1759 2102,1729 2255,1731 2255,1673 1112,1692 1091,1663 960,1698 906,1661 884,1701 800,1678 690,1750"/>
                <Baseline points="732,1746 2255,1712"/>
                <TextEquiv>
                    <Unicode>Lavoit frappe, et depuis sestant estoit</Unicode>
                </TextEquiv>
            </TextLine>
            <TextLine id="r1l18" custom="readingOrder {index:16;}">
                <Coords points="749,1843 1137,1829 1191,1860 1293,1826 1353,1857 1371,1825 1448,1823 1420,1904 1604,1822 1993,1820 2018,1857 2070,1820 2304,1820 2338,1740 2226,1768 749,1791 749,1843"/>
                <Baseline points="749,1826 2304,1803"/>
                <TextEquiv>
                    <Unicode>revenue en quelque peu de convalescence</Unicode>
                </TextEquiv>
            </TextLine>
            <TextLine id="r1l19" custom="readingOrder {index:17;}">
                <Coords points="740,1924 985,1921 1020,1951 1161,1918 1173,1948 1442,1895 1442,1843 740,1872 740,1924"/>
                <Baseline points="740,1907 1442,1878"/>
                <TextEquiv>
                    <Unicode>morut tos apres.</Unicode>
                </TextEquiv>
            </TextLine>
            <TextLine id="r1l20" custom="readingOrder {index:18;}">
                <Coords points="1745,1938 1908,1924 1908,1876 1745,1890 1745,1938"/>
                <Baseline points="1745,1922 1908,1908"/>
                <TextEquiv>
                    <Unicode>de lui</Unicode>
                </TextEquiv>
            </TextLine>
            <TextLine id="r1l21" custom="readingOrder {index:19;} abbrev {offset:4; length:1;expansion:que;} abbrev {offset:39; length:1;expansion:par;}">
                <Coords points="694,1987 653,2023 1226,2021 1255,2061 1306,2019 2346,2010 2346,1952 746,1956 694,1987"/>
                <Baseline points="746,1995 2346,1991"/>
                <TextEquiv>
                    <Unicode>Dit q de plus que la femme du deposant p</Unicode>
                </TextEquiv>
            </TextLine>
            <TextLine id="r1l22" custom="readingOrder {index:20;}">
                <Coords points="658,2064 711,2104 871,2107 913,2138 952,2107 2318,2086 2318,2028 2060,2007 658,2064"/>
                <Baseline points="711,2085 2318,2067"/>
                <TextEquiv>
                    <Unicode>une fois estant en son curtil travaillant</Unicode>
                </TextEquiv>
            </TextLine>
            <TextLine id="r1l23" custom="readingOrder {index:21;} abbrev {offset:0; length:3;expansion:ladite;}">
                <Coords points="735,2205 1391,2187 1409,2216 1555,2185 1641,2220 1719,2182 2376,2179 2376,2121 2047,2123 1977,2091 1883,2123 735,2147 735,2205"/>
                <Baseline points="735,2186 2376,2160"/>
                <TextEquiv>
                    <Unicode>lad Annelin la rescria quelle travaillioit</Unicode>
                </TextEquiv>
            </TextLine>
            <TextLine id="r1l24" custom="readingOrder {index:22;} unclear {offset:10; length:6;} abbrev {offset:29; length:3;expansion:dudit;}">
                <Coords points="744,2293 861,2327 902,2291 1617,2275 1597,2303 1625,2305 1935,2271 1947,2318 2015,2271 2333,2277 2333,2219 2094,2214 2020,2175 1935,2213 744,2235 744,2293"/>
                <Baseline points="744,2274 2333,2258"/>
                <TextEquiv>
                    <Unicode>bien a la certer  Et le soir dud jour venu</Unicode>
                </TextEquiv>
            </TextLine>
            <TextLine id="r1l25" custom="readingOrder {index:23;} abbrev {offset:0; length:3;expansion:ladite;} abbrev {offset:10; length:3;expansion:dudit;}">
                <Coords points="654,2365 651,2407 886,2391 931,2427 967,2388 1209,2383 1287,2417 1371,2380 1437,2408 1532,2377 2340,2379 2340,2321 2280,2290 2259,2319 1855,2316 1792,2272 1774,2316 1730,2293 1048,2328 1034,2285 967,2330 811,2310 654,2365"/>
                <Baseline points="725,2375 2340,2360"/>
                <TextEquiv>
                    <Unicode>Lad femme dud deposant vint malade Et</Unicode>
                </TextEquiv>
            </TextLine>
            <TextLine id="r1l26" custom="readingOrder {index:24;} abbrev {offset:26; length:3;expansion:sadite;}">
                <Coords points="744,2478 766,2523 820,2479 1050,2481 1079,2523 1126,2481 1279,2481 1321,2518 1356,2479 1738,2476 1742,2503 1891,2476 1934,2511 1968,2476 2274,2482 2274,2424 1891,2418 1859,2390 1815,2418 744,2420 744,2478"/>
                <Baseline points="744,2459 2274,2463"/>
                <TextEquiv>
                    <Unicode>ayant deposant Interrogue sad femme</Unicode>
                </TextEquiv>
            </TextLine>
            <TextLine id="r1l27" custom="readingOrder {index:25;}">
                <Coords points="686,2556 688,2595 1971,2577 2045,2610 2277,2583 2277,2525 2124,2521 2142,2488 2103,2480 2047,2520 861,2498 686,2556"/>
                <Baseline points="749,2559 2277,2564"/>
                <TextEquiv>
                    <Unicode>dou procedoit telle maladie, elle respondit</Unicode>
                </TextEquiv>
            </TextLine>
            <TextLine id="r1l28" custom="readingOrder {index:26;} abbrev {offset:21; length:1;expansion:que;} abbrev {offset:23; length:3;expansion:ladite;}">
                <Coords points="743,2677 726,2738 818,2673 969,2668 1196,2667 1254,2703 1272,2668 2103,2668 2163,2717 2179,2663 2255,2656 2255,2598 1650,2618 1196,2609 1169,2582 743,2619 743,2677"/>
                <Baseline points="743,2658 1877,2658 2255,2637"/>
                <TextEquiv>
                    <Unicode>quelle avoit opinion q lad Annelin lui</Unicode>
                </TextEquiv>
            </TextLine>
            <TextLine id="r1l29" custom="readingOrder {index:27;} abbrev {offset:12; length:3;expansion:ladite;}">
                <Coords points="762,2757 1980,2766 2053,2811 2132,2769 2285,2772 2285,2715 1793,2685 838,2697 762,2700 762,2757"/>
                <Baseline points="762,2738 2285,2753"/>
                <TextEquiv>
                    <Unicode>avoit donne lad maladie, de laquelle</Unicode>
                </TextEquiv>
            </TextLine>
            <TextLine id="r1l30" custom="readingOrder {index:28;}">
                <Coords points="734,2844 1008,2836 1037,2897 1077,2835 1145,2833 1165,2879 1214,2833 1281,2877 1351,2833 2106,2847 2181,2836 2188,2767 1351,2776 1340,2738 1282,2776 734,2787 734,2844"/>
                <Baseline points="734,2825 2106,2828"/>
                <TextEquiv>
                    <Unicode>environ quinze jours apres elle morut.</Unicode>
                </TextEquiv>
            </TextLine>
            <TextLine id="r1l31" custom="readingOrder {index:29;} abbrev {offset:12; length:1;expansion:que;} abbrev {offset:39; length:3;expansion:ladite;}">
                <Coords points="648,2932 560,2946 557,2982 2369,2963 2369,2911 2298,2885 2286,2910 2265,2885 2203,2910 1541,2901 1532,2870 1293,2901 1285,2865 1127,2902 1049,2866 962,2907 648,2932"/>
                <Baseline points="714,2952 2369,2946"/>
                <TextEquiv>
                    <Unicode>Dit de plus q la maison, et vergier de lad Annelin</Unicode>
                </TextEquiv>
            </TextLine>
            <TextLine id="r1l32" custom="readingOrder {index:30;}">
                <Coords points="720,3055 739,3080 802,3045 1130,3028 2360,3034 2360,2982 1048,2979 720,3003 720,3055"/>
                <Baseline points="720,3038 1130,3011 2360,3017"/>
                <TextEquiv>
                    <Unicode>est proche de celle du deposant. Et avoir veu</Unicode>
                </TextEquiv>
            </TextLine>
            <TextLine id="r1l33" custom="readingOrder {index:31;}">
                <Coords points="726,3131 806,3125 837,3168 887,3122 968,3118 1775,3116 1817,3142 2340,3105 2340,3050 1290,3058 1275,3030 887,3067 861,3039 726,3076 726,3131"/>
                <Baseline points="726,3113 2340,3087"/>
                <TextEquiv>
                    <Unicode>en hiver lors des neiges des passees comme</Unicode>
                </TextEquiv>
            </TextLine>
            <TextEquiv>
                <Unicode>Vernier perrial dud Courthedoubs par serment
a depose Que deposant avoit la fille de
Pierre Broingne pour servande Laquelle
estant alle au Louvre, fust frappee p lad
Annelin
Lucie laquelle servande depuis vint inpotente
et disoit Lad servande q telle maladie
Lui estoit derivee du coup quelle avoit receu
de lad Luc Annelin. Et dit encore
tousjour ouys dire q lad Annelin estoit une
sorciere
Henri Coinson dudi Courthedoubs depose que
Lui deposant avoit ung enffant q devint
malade et layant interrogue dou venoit ceste
maladie respondit que sestoit Annelin q
Lavoit frappe, et depuis sestant estoit
revenue en quelque peu de convalescence
morut tos apres.
de lui
Dit q de plus que la femme du deposant p
une fois estant en son curtil travaillant
lad Annelin la rescria quelle travaillioit
bien a la certer  Et le soir dud jour venu
Lad femme dud deposant vint malade Et
ayant deposant Interrogue sad femme
dou procedoit telle maladie, elle respondit
quelle avoit opinion q lad Annelin lui
avoit donne lad maladie, de laquelle
environ quinze jours apres elle morut.
Dit de plus q la maison, et vergier de lad Annelin
est proche de celle du deposant. Et avoir veu
en hiver lors des neiges des passees comme</Unicode>
            </TextEquiv>
        </TextRegion>
    </Page>
</PcGts>