2560 3735
729 232 2313 311 ungs q alloyent de travers les aultres q sont
741 322 2295 398 mortz. Mais ne scait dou procedoyent telles
761 412 1620 473 Inconveniens et maladies
666 558 2316 626 Semon villain dud Courthedoubs depose, que sont,
762 642 2379 725 environ, quatre ans quilz avoyent deux Juvencelx
737 747 2327 823 que vindrent malades Et estant estes conseilles
708 844 2364 907 de baptre les lings diceulx, deposant print
720 945 2313 1009 Lesd Lings les baptirent avec des fleu dont
717 1029 2231 1108 Lad Annelin se trouvat tout blessee p le
704 1129 2391 1228 visaige. Non pourtant lesd Juvencelx morurent
705 1219 2253 1285 Et a opinion deposant que lad Annelin les
722 1312 1448 1382 Leur feist mourir
716 1546 2355 1627 Vaulbert Jordain dud lieu Par serement depose
717 1629 2328 1705 Que la premiere femme de Estienne doland
735 1714 2385 1784 devint malade sont plus de huit ans de sorte
732 1802 2349 1859 quil La failloit tenir dont deposant y estant
747 1877 2276 1948 et laidant a tenir, Icelle femme dud Doland
738 2002 2382 2042 pnt plusrs aultres personnes dit q la Baillie
627 2052 1061 2108 entendant et nomant
743 2083 2355 2156 quest Lad Annelin lui avoit donne la maladie.
695 2182 2274 2251 de laquelle ayant quelquement trayne lad
699 2274 2268 2344 de telle maladie finablement en est morte
653 2407 2273 2510 Theunat guenin p serement depose, Que
708 2542 2346 2590 Lannée passee, Lad Annelin fust interpeller
710 2616 2256 2700 deposant de lui aller querir une charree de
744 2703 2312 2788 feuille ce que nayant, peu faire pource que
713 2796 2375 2876 Lui convenoit aller querir de lavenne lui refusa
731 2902 2322 2983 Et le lendemain ayant deposant mene une
734 2992 2180 3068 charree de boihin pour son frere Caspar,
