2527 3717
675 208 2316 285 de passees de vaches p son vergier, mesme q
683 289 2267 381 passoyent entre deux paulx. Et lesquelles
707 381 2354 472 passees alloyent p dessus les murs du Cymetiere
680 489 2324 567 mais nentroyent aud Cymitiere ains alloyent
690 574 2201 666 a lentour de la maison de lad Annelin
568 708 2252 790 Dit de plus q lad Annelin a ung petit
723 788 2294 904 fils de leaige de dix ans lequel compta
674 863 2351 983 en la grange dud deposant, que Il y avoit
633 973 2258 1060 ung noir hoe questoit entre en leur poille
722 1069 2361 1161 et se y pourmenoit mais q sa mere nestoit
702 1161 2399 1243 en la maison, Et q Il avoit heu sy grand peur
704 1260 2345 1348 de lui q Il sestoit cache desoubs la couverte
737 1359 2286 1452 du lict. Et q ayant lad Annelin sceu
692 1446 2213 1563 q sond fils avoit desclaire tel faict elle
639 1556 1346 1652 Lavoit baptus.
713 1674 2195 1782 Dit avoir tousjour ouys dire quelle lad
722 1785 1754 1866 Annelin estoit une sorciere
548 1969 2327 2098 Vernier Torel dud Courthedoubs, par serement,
737 2105 2390 2184 Que la femme de lui deposant heust ung proces
758 2196 2387 2266 contre lad Annelin en la Justice de Courthedoubs
746 2283 2273 2346 desorte q la femme dud deposant, fust
744 2361 2259 2430 contre condempnee a lemende de quatre
752 2428 2312 2519 channes de vin, dont le lieu mesme jour,
744 2506 2276 2611 estant deposant es champs nuictanment lad
755 2588 2333 2708 Annelin (Comme la femme dud deposant le
749 2674 2306 2783 mantient.) avec ung noir homme vindrent
752 2755 2318 2879 nuitanment devant la maison dud deposant
758 2849 2351 2979 Et rescria lad femme Disant Alison, vienca
788 2938 2264 3053 vientend avec nous, voici ung homme qui
