2622 3818
78 1454 600 1510 proche du fahie
120 1525 426 1573 de dele
687 149 2402 224 raison de ce q led Bourquenei ne lui poyoit
674 256 2405 316 point une chievre q les chiens dud Bourquenei
1004 304 1115 346 avoint [le début du mot n'est pas pris et je n'arrive pas à étendre la sélection]
680 344 1649 392 lui avoyent gastei domaige
680 515 2402 602 Item confesse avoir encour jecté dud poulsat
695 594 2387 684 sur ung cheval chastré de poil gris questoit
707 675 2414 753 a Mori guyon, a raison de ce q led Mori ne lui
713 770 2309 839 vouloit donner aulcune recompense de la
684 888 2475 962 maison qui celui tenoit q meuvoit delle, lequel
713 950 1046 998 en mourut
645 1051 2328 1114 Item confesse que led Charbon son mre avoit
683 1129 2318 1196 les pieds ronds coe une beste. Et que ses
687 1226 1520 1287 habitz estoient de gris
687 1389 2348 1464 Item confesse quicelle sest treuve au Sabath
693 1475 2328 1539 Sur les planches gribolai ☨ Auquel lieu
693 1563 2316 1619 Il y en avoit pluses aultres quelle ne
672 1655 2349 1712 cougnoissoit pce quelles estoient masquees.
