<?xml version="1.0" encoding="UTF-8"?>
<alto xmlns:xsi="http://www.w3.org/2001/XMLSchema-instance"
      xmlns="http://www.loc.gov/standards/alto/ns-v4#"
      xsi:schemaLocation="http://www.loc.gov/standards/alto/ns-v4# http://www.loc.gov/standards/alto/v4/alto-4-2.xsd">
  <Description>
    <MeasurementUnit>pixel</MeasurementUnit>
    <sourceImageInformation>
      <fileName>B_168_15-9-2_0008.jpg</fileName>
      
    </sourceImageInformation>
  </Description>
  
  <Layout>
    <Page WIDTH="2754"
          HEIGHT="3743"
          PHYSICAL_IMG_NR="29"
          ID="eSc_dummypage_">
      <PrintSpace HPOS="0"
                  VPOS="0"
                  WIDTH="2754"
                  HEIGHT="3743">
        
        <TextBlock HPOS="204"
                   VPOS="1880"
                   WIDTH="447"
                   HEIGHT="171"
                   ID="r3"
                   TAGREFS="BT">
          <Shape><Polygon POINTS="204 1880 204 2051 651 2051 651 1880"/></Shape>
          
          
          <TextLine ID="r3l1"
                    
                    BASELINE="204 2001 651 1985" 
                    HPOS="204.0"
                    VPOS="1885.0"
                    WIDTH="447.0"
                    HEIGHT="166.0">
            <Shape><Polygon POINTS="204 2051 651 2035 651 1885 204 1901 204 2051"/></Shape>
	    <String CONTENT="+ p ses voisins "
                    HPOS="204.0"
                    VPOS="1885.0"
                    WIDTH="447.0"
                    HEIGHT="166.0"></String>
          </TextLine>

          
        </TextBlock>
        
        <TextBlock HPOS="722"
                   VPOS="192"
                   WIDTH="1780"
                   HEIGHT="3488"
                   ID="r4"
                   TAGREFS="BT">
          <Shape><Polygon POINTS="722 192 722 3680 2502 3680 2502 192"/></Shape>
          
          
          <TextLine ID="r4l1"
                    
                    BASELINE="746 300 1830 242 2415 257" 
                    HPOS="746.0"
                    VPOS="159.0"
                    WIDTH="1669.0"
                    HEIGHT="166.0">
            <Shape><Polygon POINTS="746 323 1330 297 1431 325 1830 265 2415 280 2415 211 1997 161 1747 199 1722 159 1639 163 1330 228 823 226 746 254 746 323"/></Shape>
	    <String CONTENT=" Estienne sen alla a galfinguen vers une femme"
                    HPOS="746.0"
                    VPOS="159.0"
                    WIDTH="1669.0"
                    HEIGHT="166.0"></String>
          </TextLine>

          
          
          <TextLine ID="r4l2"
                    
                    BASELINE="779 378 2480 335" 
                    HPOS="779.0"
                    VPOS="269.0"
                    WIDTH="1701.0"
                    HEIGHT="147.0">
            <Shape><Polygon POINTS="779 397 1202 416 2480 354 2480 297 2139 304 2114 269 1884 313 1129 310 779 340 779 397"/></Shape>
	    <String CONTENT="pour treuver garison. Laquelle feist responce "
                    HPOS="779.0"
                    VPOS="269.0"
                    WIDTH="1701.0"
                    HEIGHT="147.0"></String>
          </TextLine>

          
          
          <TextLine ID="r4l3"
                    
                    BASELINE="782 473 1745 464 2387 413" 
                    HPOS="782.0"
                    VPOS="375.0"
                    WIDTH="1605.0"
                    HEIGHT="134.0">
            <Shape><Polygon POINTS="782 492 1940 509 1985 471 2387 432 2387 375 1504 432 862 403 782 435 782 492"/></Shape>
	    <String CONTENT="a icellui q deposant estoit greve p une femme "
                    HPOS="782.0"
                    VPOS="375.0"
                    WIDTH="1605.0"
                    HEIGHT="134.0"></String>
          </TextLine>

          
          
          <TextLine ID="r4l4"
                    
                    BASELINE="774 557 2502 570" 
                    HPOS="774.0"
                    VPOS="502.0"
                    WIDTH="1728.0"
                    HEIGHT="88.0">
            <Shape><Polygon POINTS="774 577 2502 590 2502 529 1475 505 1206 534 946 502 774 516 774 577"/></Shape>
	    <String CONTENT="dud Beurnevesain quelle ne nomma point "
                    HPOS="774.0"
                    VPOS="502.0"
                    WIDTH="1728.0"
                    HEIGHT="88.0"></String>
          </TextLine>

          
          
          <TextLine ID="r4l5"
                    
                    BASELINE="795 663 2406 693" 
                    HPOS="735.0"
                    VPOS="619.0"
                    WIDTH="1671.0"
                    HEIGHT="97.0">
            <Shape><Polygon POINTS="735 711 2406 716 2406 647 875 619 735 642 735 711"/></Shape>
	    <String CONTENT="Et na deposant aultre opinion sinon que "
                    HPOS="735.0"
                    VPOS="619.0"
                    WIDTH="1671.0"
                    HEIGHT="97.0"></String>
          </TextLine>

          
          
          <TextLine ID="r4l6"
                    
                    BASELINE="774 773 2373 794" 
                    HPOS="774.0"
                    VPOS="727.0"
                    WIDTH="1599.0"
                    HEIGHT="90.0">
            <Shape><Polygon POINTS="774 796 2373 817 2373 748 774 727 774 796"/></Shape>
	    <String CONTENT="lad Agatte lui a donne le mal p la "
                    HPOS="774.0"
                    VPOS="727.0"
                    WIDTH="1599.0"
                    HEIGHT="90.0"></String>
          </TextLine>

          
          
          <TextLine ID="r4l7"
                    
                    BASELINE="729 872 2502 884" 
                    HPOS="729.0"
                    VPOS="827.0"
                    WIDTH="1773.0"
                    HEIGHT="79.0">
            <Shape><Polygon POINTS="729 894 2502 906 2502 839 729 827 729 894"/></Shape>
	    <String CONTENT="vtuz de la deposit de lad feme de galfinguen "
                    HPOS="729.0"
                    VPOS="827.0"
                    WIDTH="1773.0"
                    HEIGHT="79.0"></String>
          </TextLine>

          
          
          <TextLine ID="r4l8"
                    
                    BASELINE="738 1265 2414 1256" 
                    HPOS="738.0"
                    VPOS="1158.0"
                    WIDTH="1676.0"
                    HEIGHT="126.0">
            <Shape><Polygon POINTS="738 1284 2414 1275 2414 1217 905 1221 828 1158 745 1161 738 1284"/></Shape>
	    <String CONTENT="henri guenat de Beurnevesain depose que le "
                    HPOS="738.0"
                    VPOS="1158.0"
                    WIDTH="1676.0"
                    HEIGHT="126.0"></String>
          </TextLine>

          
          
          <TextLine ID="r4l9"
                    
                    BASELINE="791 1335 2478 1346" 
                    HPOS="754.0"
                    VPOS="1300.0"
                    WIDTH="1724.0"
                    HEIGHT="96.0">
            <Shape><Polygon POINTS="754 1396 897 1360 2478 1366 2478 1306 790 1300 754 1396"/></Shape>
	    <String CONTENT="serviteur de lui deposant et le fils de lad Agatte "
                    HPOS="754.0"
                    VPOS="1300.0"
                    WIDTH="1724.0"
                    HEIGHT="96.0"></String>
          </TextLine>

          
          
          <TextLine ID="r4l10"
                    
                    BASELINE="785 1427 2351 1419" 
                    HPOS="785.0"
                    VPOS="1378.0"
                    WIDTH="1566.0"
                    HEIGHT="69.0">
            <Shape><Polygon POINTS="785 1447 2351 1439 2351 1378 785 1386 785 1447"/></Shape>
	    <String CONTENT="estoient es champs lesquelx trouvarent ung "
                    HPOS="785.0"
                    VPOS="1378.0"
                    WIDTH="1566.0"
                    HEIGHT="69.0"></String>
          </TextLine>

          
          
          <TextLine ID="r4l11"
                    
                    BASELINE="780 1523 2397 1506" 
                    HPOS="780.0"
                    VPOS="1466.0"
                    WIDTH="1617.0"
                    HEIGHT="77.0">
            <Shape><Polygon POINTS="780 1543 2397 1526 2397 1466 780 1483 780 1543"/></Shape>
	    <String CONTENT="meschant manteau lequel Il pourta le "
                    HPOS="780.0"
                    VPOS="1466.0"
                    WIDTH="1617.0"
                    HEIGHT="77.0"></String>
          </TextLine>

          
          
          <TextLine ID="r4l12"
                    
                    BASELINE="761 1607 2411 1596" 
                    HPOS="761.0"
                    VPOS="1556.0"
                    WIDTH="1650.0"
                    HEIGHT="71.0">
            <Shape><Polygon POINTS="761 1627 2411 1616 2411 1556 761 1567 761 1627"/></Shape>
	    <String CONTENT="filz de lad Agatte pourta en sa mais leur "
                    HPOS="761.0"
                    VPOS="1556.0"
                    WIDTH="1650.0"
                    HEIGHT="71.0"></String>
          </TextLine>

          
          
          <TextLine ID="r4l13"
                    
                    BASELINE="773 1688 2342 1673" 
                    HPOS="773.0"
                    VPOS="1636.0"
                    WIDTH="1569.0"
                    HEIGHT="70.0">
            <Shape><Polygon POINTS="773 1706 2342 1691 2342 1636 773 1651 773 1706"/></Shape>
	    <String CONTENT="maison dont deposant en nom de son fils "
                    HPOS="773.0"
                    VPOS="1636.0"
                    WIDTH="1569.0"
                    HEIGHT="70.0"></String>
          </TextLine>

          
          
          <TextLine ID="r4l14"
                    
                    BASELINE="771 1763 2424 1758" 
                    HPOS="771.0"
                    VPOS="1721.0"
                    WIDTH="1653.0"
                    HEIGHT="60.0">
            <Shape><Polygon POINTS="771 1781 2424 1776 2424 1721 771 1726 771 1781"/></Shape>
	    <String CONTENT="en repeta la moitie pour sond fils : Ce que "
                    HPOS="771.0"
                    VPOS="1721.0"
                    WIDTH="1653.0"
                    HEIGHT="60.0"></String>
          </TextLine>

          
          
          <TextLine ID="r4l15"
                    
                    BASELINE="746 1856 2477 1865" 
                    HPOS="746.0"
                    VPOS="1814.0"
                    WIDTH="1731.0"
                    HEIGHT="72.0">
            <Shape><Polygon POINTS="746 1877 2477 1886 2477 1823 746 1814 746 1877"/></Shape>
	    <String CONTENT="Le mari de lad Agatte avec Rigoreuses parolles "
                    HPOS="746.0"
                    VPOS="1814.0"
                    WIDTH="1731.0"
                    HEIGHT="72.0"></String>
          </TextLine>

          
          
          <TextLine ID="r4l16"
                    
                    BASELINE="774 1943 2373 1962" 
                    HPOS="774.0"
                    VPOS="1901.0"
                    WIDTH="1599.0"
                    HEIGHT="82.0">
            <Shape><Polygon POINTS="774 1964 2373 1983 2373 1920 774 1901 774 1964"/></Shape>
	    <String CONTENT="refusa Et estant estes admonestes + de lui "
                    HPOS="774.0"
                    VPOS="1901.0"
                    WIDTH="1599.0"
                    HEIGHT="82.0"></String>
          </TextLine>

          
          
          <TextLine ID="r4l17"
                    
                    BASELINE="780 2031 2394 2052" 
                    HPOS="780.0"
                    VPOS="1989.0"
                    WIDTH="1614.0"
                    HEIGHT="84.0">
            <Shape><Polygon POINTS="780 2052 2394 2073 2394 2010 780 1989 780 2052"/></Shape>
	    <String CONTENT="payer la moitie icelui en fust comptant "
                    HPOS="780.0"
                    VPOS="1989.0"
                    WIDTH="1614.0"
                    HEIGHT="84.0"></String>
          </TextLine>

          
          
          <TextLine ID="r4l18"
                    
                    BASELINE="780 2126 2352 2145" 
                    HPOS="780.0"
                    VPOS="2080.0"
                    WIDTH="1572.0"
                    HEIGHT="88.0">
            <Shape><Polygon POINTS="780 2149 2352 2168 2352 2099 780 2080 780 2149"/></Shape>
	    <String CONTENT="porveu que lui gaingneroit jus aestoure"
                    HPOS="780.0"
                    VPOS="2080.0"
                    WIDTH="1572.0"
                    HEIGHT="88.0"></String>
          </TextLine>

          
          
          <TextLine ID="r4l19"
                    
                    BASELINE="762 2219 2339 2229" 
                    HPOS="762.0"
                    VPOS="2173.0"
                    WIDTH="1577.0"
                    HEIGHT="79.0">
            <Shape><Polygon POINTS="762 2242 2339 2252 2339 2183 762 2173 762 2242"/></Shape>
	    <String CONTENT="Ce questant advenu et estant led henri "
                    HPOS="762.0"
                    VPOS="2173.0"
                    WIDTH="1577.0"
                    HEIGHT="79.0"></String>
          </TextLine>

          
          
          <TextLine ID="r4l20"
                    
                    BASELINE="783 2303 1837 2301 2406 2330" 
                    HPOS="783.0"
                    VPOS="2263.0"
                    WIDTH="1623.0"
                    HEIGHT="87.0">
            <Shape><Polygon POINTS="783 2323 2406 2350 2406 2290 783 2263 783 2323"/></Shape>
	    <String CONTENT="vouelin en la maison dud deposant leur "
                    HPOS="783.0"
                    VPOS="2263.0"
                    WIDTH="1623.0"
                    HEIGHT="87.0"></String>
          </TextLine>

          
          
          <TextLine ID="r4l21"
                    
                    BASELINE="780 2384 2247 2405" 
                    HPOS="780.0"
                    VPOS="2344.0"
                    WIDTH="1467.0"
                    HEIGHT="81.0">
            <Shape><Polygon POINTS="780 2404 2247 2425 2247 2365 780 2344 780 2404"/></Shape>
	    <String CONTENT="enffant devint malade et ne veit "
                    HPOS="780.0"
                    VPOS="2344.0"
                    WIDTH="1467.0"
                    HEIGHT="81.0"></String>
          </TextLine>

          
          
          <TextLine ID="r4l22"
                    
                    BASELINE="789 2474 2334 2504" 
                    HPOS="789.0"
                    VPOS="2429.0"
                    WIDTH="1545.0"
                    HEIGHT="97.0">
            <Shape><Polygon POINTS="789 2496 2334 2526 2334 2459 789 2429 789 2496"/></Shape>
	    <String CONTENT="aulcunement de quoi deposant estant "
                    HPOS="789.0"
                    VPOS="2429.0"
                    WIDTH="1545.0"
                    HEIGHT="97.0"></String>
          </TextLine>

          
          
          <TextLine ID="r4l23"
                    
                    BASELINE="788 2568 2445 2619" 
                    HPOS="788.0"
                    VPOS="2526.0"
                    WIDTH="1657.0"
                    HEIGHT="114.0">
            <Shape><Polygon POINTS="788 2589 1865 2613 2445 2640 2445 2577 1865 2550 788 2526 788 2589"/></Shape>
	    <String CONTENT="conseille daller de pourter led enfant "
                    HPOS="788.0"
                    VPOS="2526.0"
                    WIDTH="1657.0"
                    HEIGHT="114.0"></String>
          </TextLine>

          
          
          <TextLine ID="r4l24"
                    
                    BASELINE="801 2669 1943 2679 2433 2711" 
                    HPOS="801.0"
                    VPOS="2627.0"
                    WIDTH="1632.0"
                    HEIGHT="105.0">
            <Shape><Polygon POINTS="801 2690 1943 2700 2433 2732 2433 2669 1943 2637 801 2627 801 2690"/></Shape>
	    <String CONTENT="a galfinguen vers une femme pour le "
                    HPOS="801.0"
                    VPOS="2627.0"
                    WIDTH="1632.0"
                    HEIGHT="105.0"></String>
          </TextLine>

          
          
          <TextLine ID="r4l25"
                    
                    BASELINE="813 2774 2448 2796" 
                    HPOS="813.0"
                    VPOS="2728.0"
                    WIDTH="1635.0"
                    HEIGHT="91.0">
            <Shape><Polygon POINTS="813 2797 2448 2819 2448 2750 813 2728 813 2797"/></Shape>
	    <String CONTENT="faire a guerir Aussy tost quicelle "
                    HPOS="813.0"
                    VPOS="2728.0"
                    WIDTH="1635.0"
                    HEIGHT="91.0"></String>
          </TextLine>

          
          
          <TextLine ID="r4l26"
                    
                    BASELINE="789 2874 2352 2900" 
                    HPOS="789.0"
                    VPOS="2830.0"
                    WIDTH="1563.0"
                    HEIGHT="92.0">
            <Shape><Polygon POINTS="789 2896 2352 2922 2352 2856 789 2830 789 2896"/></Shape>
	    <String CONTENT="le veit elle dit que led enffant "
                    HPOS="789.0"
                    VPOS="2830.0"
                    WIDTH="1563.0"
                    HEIGHT="92.0"></String>
          </TextLine>

          
          
          <TextLine ID="r4l27"
                    
                    BASELINE="794 2967 2418 2996" 
                    HPOS="794.0"
                    VPOS="2920.0"
                    WIDTH="1624.0"
                    HEIGHT="95.0">
            <Shape><Polygon POINTS="794 2986 1200 2977 2418 3015 2418 2958 1200 2920 794 2929 794 2986"/></Shape>
	    <String CONTENT="estoit engenauche p des mauvaises gens "
                    HPOS="794.0"
                    VPOS="2920.0"
                    WIDTH="1624.0"
                    HEIGHT="95.0"></String>
          </TextLine>

          
          
          <TextLine ID="r4l28"
                    
                    BASELINE="798 3065 1448 3042 2423 3084" 
                    HPOS="798.0"
                    VPOS="3011.0"
                    WIDTH="1625.0"
                    HEIGHT="90.0">
            <Shape><Polygon POINTS="798 3082 1448 3059 2423 3101 2423 3050 1123 3011 798 3031 798 3082"/></Shape>
	    <String CONTENT="Et que feroit tant quelles yroyent "
                    HPOS="798.0"
                    VPOS="3011.0"
                    WIDTH="1625.0"
                    HEIGHT="90.0"></String>
          </TextLine>

          
          
          <TextLine ID="r4l29"
                    
                    BASELINE="804 3134 2289 3167" 
                    HPOS="804.0"
                    VPOS="3100.0"
                    WIDTH="1485.0"
                    HEIGHT="84.0">
            <Shape><Polygon POINTS="804 3151 1695 3158 2289 3184 2289 3133 1695 3107 804 3100 804 3151"/></Shape>
	    <String CONTENT="en leur maisons Et surce sen "
                    HPOS="804.0"
                    VPOS="3100.0"
                    WIDTH="1485.0"
                    HEIGHT="84.0"></String>
          </TextLine>

          
          
          <TextLine ID="r4l30"
                    
                    BASELINE="792 3225 2264 3258" 
                    HPOS="792.0"
                    VPOS="3179.0"
                    WIDTH="1472.0"
                    HEIGHT="102.0">
            <Shape><Polygon POINTS="792 3248 2264 3281 2264 3212 792 3179 792 3248"/></Shape>
	    <String CONTENT="retourna. Et tost apres lad "
                    HPOS="792.0"
                    VPOS="3179.0"
                    WIDTH="1472.0"
                    HEIGHT="102.0"></String>
          </TextLine>

          
          
          <TextLine ID="r4l31"
                    
                    BASELINE="2349 3648 2409 3657" 
                    HPOS="2349.0"
                    VPOS="3602.0"
                    WIDTH="60.0"
                    HEIGHT="78.0">
            <Shape><Polygon POINTS="2349 3671 2409 3680 2409 3611 2349 3602 2349 3671"/></Shape>
	    <String CONTENT="8"
                    HPOS="2349.0"
                    VPOS="3602.0"
                    WIDTH="60.0"
                    HEIGHT="78.0"></String>
          </TextLine>

          
        </TextBlock>
        
        <TextBlock HPOS="42"
                   VPOS="3593"
                   WIDTH="39"
                   HEIGHT="74"
                   ID="r1"
                   TAGREFS="BT">
          <Shape><Polygon POINTS="42 3593 42 3667 81 3667 81 3593"/></Shape>
          
        </TextBlock>
        
        <TextBlock HPOS="47"
                   VPOS="1775"
                   WIDTH="19"
                   HEIGHT="153"
                   ID="r2"
                   TAGREFS="BT">
          <Shape><Polygon POINTS="47 1775 47 1928 66 1928 66 1775"/></Shape>
          
        </TextBlock>
        

        
      </PrintSpace>
    </Page>
  </Layout>
</alto>
