2607 3803
96.0 188.0 464.0 64.0 questoyent sur le

134.0 257.0 222.0 45.0 grenier

86.0 506.0 489.0 64.0 xo le Cymetiere de

131.0 555.0 306.0 51.0 Souharce.

86.0 1694.0 426.0 42.0 mais ne scait se

95.0 1751.0 483.0 42.0 Sy celle quest morte

98.0 1800.0 456.0 48.0 ou non  et ce pce

110.0 1857.0 451.0 42.0 quelle ne lui avoit

96.0 1911.0 438.0 38.0 volsus donner des

83.0 1974.0 291.0 48.0 Blaisons

710.0 141.0 1723.0 89.0 Jecta dud poulsat sur les porcs Caspar vallat

717.0 213.0 1740.0 94.0 lesquex en morurent Et ce pource que led Caspar

681.0 291.0 843.0 62.0 Lacusoit pour des paulx

681.0 428.0 1737.0 79.0 Confesse avoir jete du poulsat sur lung des chevaulx

707.0 510.0 484.0 33.0 ches mori guyon

1332.0 505.0 1062.0 57.0 quen morut que devint gairis lui ayant

687.0 551.0 1824.0 63.0 oste le mal avec de lerbe et de la terre quelle avoit prins sur xo

687.0 619.0 1733.0 92.0 Confesse que sont huict ans quil ne la approche

702.0 691.0 1749.0 115.0 pour ce quelle pourtoit ordinairement aupres delle

681.0 783.0 1719.0 96.0 du pain benit et de la charitai de pasque et dela

686.0 830.0 172.0 32.0 Rutte

651.0 885.0 1779.0 137.0 Et que sond(it) m(ait)re hemerlin La sollicitatt de jecter

638.0 959.0 693.0 70.0 La lad(ite) charretai

680.0 1073.0 1615.0 124.0 Dit que sont huict ans que ne lui ayant

671.0 1157.0 1555.0 118.0 volsus, Jehan du prai aller querir du bois

654.0 1243.0 1707.0 131.0 quelle avoit jecte dud poulsat sur deux siens

675.0 1328.0 228.0 63.0 porcs.

668.0 1438.0 1711.0 130.0 Dit avoir frotte une vergette de la graise Que

689.0 1528.0 1680.0 116.0 sond mre lui avoit donne et en avoir frappe

657.0 1604.0 1760.0 117.0 La fille Caspar vallat questoit devenue malade

666.0 1688.0 1727.0 111.0 Mais quicelle devint guairie avec des cholz que

627.0 1787.0 1278.0 87.0 lom fust prendre au Curtil delle

630.0 1927.0 1686.0 99.0 Quelle alloit au rond bois de millandre au

624.0 2012.0 1683.0 83.0 Sabath et quelle avoit allors sa compagnie

1128.0 2189.0 1146.0 79.0 Le 19 dud mois du matin sans

1086.0 2273.0 809.0 66.0 gehenne ni torture.

632.0 2405.0 1798.0 88.0 Icelle a repete et recognuz les articles cydevant

659.0 2483.0 753.0 66.0 escriptz sans variat.

1157.0 2624.0 655.0 60.0 Le 21 dud mois

636.0 2732.0 1652.0 81.0 Surce que Alix vefve George Rossel lavoit

672.0 2810.0 1598.0 73.0 accuse destre sa complice et sur les inficiat

657.0 2891.0 1554.0 63.0 negats dicelle Adelheit icelle fust mis

653.0 2977.0 1638.0 52.0 a la torture, Ou elle recognut les faitz

644.0 3046.0 201.0 67.0 pred

633.0 3127.0 1767.0 62.0 Mais que oncques elle navoit heu complices ni

666.0 3199.0 1680.0 71.0 compagne sinon son mre et surce sostint

623.0 3281.0 897.0 61.0 La question constamment.

627.0 3397.0 1407.0 73.0 Confesse les porcs Guille bel du prai
