2596 3832
1163 126 1167 81 Proces Criminel de Alix vefve

1208 210 1257 76 George Rossel de Boncourt accusee

1182 291 960 58 et saisie pour sortilege

1055 430 810 70 Le 17 de may 1610

683 551 1704 90 Lad Alix estant Interrogue Sur les faictz dont elle

719 637 1701 82 estoit accusee et sur les Informats prin levees

692 718 1563 83 doffice le matin na rien volsus confesser.

683 803 1779 107 Surquoy luy fust donne terme jusques apres disne.

1325 920 673 83 Apres disne dud jour

719 1019 1716 132 Na rien volsus confesser. Dont elle fust condempnee

729 1105 668 63 a la tourture.

735 1190 1667 105 Ou estant simplement solevee de terre confessa

732 1265 1653 96 Quil y a environ dix ans, Qung homme ent

729 1343 1551 93 nuit et jour sadressa a elle. Luy donna du

740 1418 1561 105 poulsat pour nuire a gens et a bestes. Et

714 1511 1674 105 Lui donna de lor et de largent mais ce ne fust

722 1598 1611 97 q des feuilles de chasnes Et la sollicita de

738 1684 1709 85 Renuncer dieu Cresme et baptesme ce quelle

732 1765 1680 85 feist. Et heust alors sa compagnie questoit

728 1859 1632 90 merveleusement froide Et dit quil sappelloit

726 1951 233 70 charbon.

705 2078 1779 101 Dit que dud Poulsat elle en avoit jecte sur une

731 2162 1489 83 vache de Nicolas guyon Laquelle en morut

735 2302 1736 94 Plus en jecta sur ung cheval de Pierrat Borquenei

725 2394 1728 79 questoit devant sa maison lequel en mourut Et

729 2481 1628 63 ce a raison de ce q led Bourquenei ne lui

689 2560 1804 75 poyoit point sa chievre q ses chiens lui avoient

701 2653 231 73 gaste

720 2763 1752 79 Plus dit quelle en avoit aussi jecte ung cheval

743 2847 1630 79 chastrels de poil gris questoit a mori guyon,

720 2935 1679 64 sont 6 ans a Raison de ce q led Mori ne lui

729 3009 1742 65 vouloit donner aulcune recompense de sa maison

719 3091 619 49 quil avoit heu.
