2754 3743
383 901 220 156 Negat

300 1562 231 148 Negat

206 1996 375 97 + avec dud

255 2106 309 105 poulsat

662 191 1653 164 Item confesse aussy que avec daultres

801 299 1493 86 elle a assiste a faire de la grelle

812 381 1620 79 et de la pluye p quelquefois. Et que la grelle

806 433 1609 78 quelles feirent lannee passe icelle tomba sur le bois de

834 510 281 45 Rechesie

639 531 1676 193 Item confesse q dud poulsat quelle en a

800 591 1606 116 heu Jete sur lund des chevaulx au voueble

779 677 1467 118 dud Beurnevesain dequoi il en morut

673 810 1702 206 Item confesse avoir aussy faict a mourir

810 893 1580 118 au voueble une vache. Laquelle [doublement biffé :Il avoit]

812 977 1602 106 elle avoit frappe avec une verge q sond(it)

788 1051 1182 134 m(ait)re grappin lui avoit donne

702 1201 1638 181 Item confesse aussy avoir faict a mourir

819 1281 1436 102 une vache a Petre Malgrain avec du

821 1356 1495 114 poulsat que sond mre lui avoit donne

809 1532 1510 70 Item de plus confesse avoir faict mourir

819 1616 1548 65 avec dud(it) poulsat une vache a Jehan du pray

813 1692 1512 75 a raison quil lui avoit refuse de vendre

804 1779 515 67 de la grainne.

744 1872 1542 165 Item confesse que sont environ huict ans

836 2019 1489 84 quicelle + feist a mourir leur Une fille

818 2120 1399 55 a Bastien Simon monnier : Parce que

1070 2150 114 47 fille

809 2206 1612 66 la femme dud Simon luy avoit refuse

789 2278 1170 75 du laict sestoit ferme a elle

786 2454 1476 66 Item confesse de plus quelle a aussy

837 2534 1323 68 faict a mourir avec dud poulsat

806 2624 1551 68 ung enffant a Jehan mahon dit madeux

798 2721 1536 64 A raison de ce que Il la chargeoyent

773 2802 1644 91 de leur avoir faict a mourir ung cheval

2262 3557 69 59 2
