2582 3808
1071.0 130.0 1386.0 66.0 Proces Criminel de Adelheit vefve Borquin

1103.0 199.0 1345.0 72.0 Betteni de Boncort detenue en prison

1080.0 292.0 627.0 61.0 pour sortilege

1211.0 401.0 694.0 66.0 Le 17 de may 1610.

705.0 491.0 1704.0 68.0 Estant simplement Interrogue sur les faictz dont

741.0 568.0 1689.0 75.0 elle est accusee Icelle na rien volsus cougnoistre

707.0 670.0 1738.0 78.0 Sinon quelle confesse avoir heu tire les chievres Jehan

707.0 747.0 918.0 72.0 Belin sans leur avoir greve

692.0 844.0 1683.0 75.0 Et confesse quelle fust envoyee a Souarce faire

717.0 931.0 1650.0 64.0 ung voyaige pour le cheval Mori guyon ou elle

695.0 1018.0 1701.0 64.0 porta ung estaulx Et raporta de lerbe et de terre

707.0 1099.0 1545.0 73.0 du Cymetiere duquel Led cheval fust guairis

704.0 1223.0 1761.0 91.0 Surce lui fust donne terme de sadviser Jusques apres

717.0 1293.0 203.0 79.0 disne.

1236.0 1360.0 449.0 61.0 Apres disne

695.0 1468.0 1777.0 64.0 Estant derechieff interroguee na rien volsus Cougnoistre

756.0 1536.0 561.0 63.0 Sinon ce q devant.

737.0 1611.0 1374.0 75.0 Surquoi elle fust condempnee a la torture

1227.0 1706.0 375.0 68.0 Ou estant

726.0 1808.0 1752.0 63.0 Elle confessa que sont 12 ans passe que p deux fois

737.0 1887.0 1696.0 60.0 sestant pnte ung homme a elle proche sa maison

734.0 1970.0 1735.0 71.0 et de nuit Lui Icelui Lavoit sollicite de se donner

738.0 2056.0 1632.0 69.0 a lui et quil lui donneroit de largent Surquoy

731.0 2141.0 1681.0 78.0 a chane desd deux fois, Appelle le nom de Jesus

699.0 2236.0 1632.0 78.0 Led homme sestoit tousjour treuve esvanouy

680.0 2380.0 1720.0 70.0 dit que pour la troisieme fois se pntea a elle

713.0 2468.0 1657.0 72.0 Lui promit de la jamais ne la laisser, et de se

719.0 2558.0 1105.0 57.0 donner a lui Ce quelle feist.

705.0 2648.0 1338.0 72.0 Renuncea dieu Cresme et baptesme,

714.0 2740.0 1184.0 72.0 heust sa compagnie quest froide

713.0 2849.0 1761.0 63.0 Receut de lui de largent que ne furent que feuilles

719.0 2954.0 693.0 64.0 Sappelloit hemerlin

708.0 3039.0 1266.0 55.0 avoit les pied coe de pied de vaches.

683.0 3143.0 1681.0 65.0 Lui donna du poulsat pEt de la graisse pour

711.0 3214.0 932.0 61.0 nuire a gens et a bestes

708.0 3292.0 1310.0 84.0 Pourtoit led poulsat en une bouetate
