2754 3743
198 418 412 166 + de Cueve

210 659 66 155 3

222 1966 416 189 p sorcelerie

243 2291 120 158 4.

728 201 1579 85 Dit de plus Quelle mesme ne se donne

777 288 1680 79 point de peine encour quon lapelle telle genauche

744 390 1677 111 dit quon la suspitionne davoir greve a Richard

798 483 1638 103 chavanne + que demeuroit lors a Beurnevesain

741 628 1623 143 Estienne girard dud Beurnevesain depose

777 738 1644 114 q led henri se declaira que Il avoit empeche

770 836 1576 96 p deux fois sa femme questoit e volonte

765 928 1566 82 daller mectre le feug en la maison de ses

797 1010 247 65 freres

810 1127 1692 103 Depose en oultre Avoir ouys dire souventesfois

800 1209 1573 88 que lon chargeoit et suspicionoit lad Agatte

789 1295 1542 90 destre une genauche et sorciere, Et quelle

810 1380 1467 89 avoit faict mourir ung veau a Jehan

788 1467 1468 90 muat. Plus avoit grevé une jument

786 1554 1566 111 au voueble Et donne le mal a Richard

804 1645 1559 100 chavanne de Cueve Et qune femme de

734 1717 1591 164 galfinguen laccusoit de ce fait Et de

786 1837 1617 80 mesme quelle et une noe morise vefve

774 1918 1689 97 de henri Jehan guenat avoyent traict et tirez

676 2005 1661 104 Les e yeulx a lenfant de henri Jehan

815 2095 1578 94 guenat Et estre reputee pour genauche

797 2185 465 68 comunement.

731 2299 1687 144 Jehan perrin mahon depose du feug nen rien

818 2427 1006 67 scavoir sinon q p ouys dire

774 2516 1608 90 De laultre faict de genaucherie dit avoir

801 2603 1611 95 ouys apppeller genauche comunement a lad

789 2689 1614 90 Agatte Et quelle estoit accusee davoir

787 2774 1535 115 greve les lenffant de henri guenat lui

831 2886 1560 80 avoit tire les yeulx, avoit fait mourir

733 2957 1580 78 ung veau au clavier et une jument

807 3049 1509 64 au voueble ; Et avoit donne le mal a ung

815 3138 1605 52 noe Richard chavanne de Cueve duquel Il estoit

830 3192 778 43 encour ptement malade

809 3257 1434 76 Dit q led henri la menace de le faire a

801 3336 1544 79 repentir de ce q sa femme estoit en prison

2358 3564 42 72 5
