2643 3812
165.0 1771.0 383.0 156.0 La deculpe

1479.0 2175.0 909.0 67.0 Des actes crimes et delictz de

1551.0 2245.0 840.0 82.0 Sortilege de Alix vefve

1551.0 2335.0 926.0 64.0 George Rossel de Boncourt

713.0 159.0 1693.0 73.0 doffice se rencontrant du tout semblable a

741.0 244.0 1794.0 81.0 ceuqlle avoit confessee Icelle fust condempne

741.0 339.0 1251.0 70.0 destre aplicque a la torture.

726.0 490.0 1707.0 85.0 Ou estant recougnut entierement questoient

759.0 580.0 1659.0 81.0 10 ans quelle avoit renunce dieu Cresme et

756.0 657.0 339.0 70.0 baptesme

735.0 748.0 1080.0 72.0 Sestoit donne a son mre charbon

744.0 833.0 1113.0 73.0 Avoit heu sa compagnie froide

743.0 923.0 1332.0 71.0 Quil avoit les pied Rond coe une beste

746.0 1013.0 919.0 62.0 Quil estoit vestus de gris

729.0 1097.0 1688.0 102.0 Quil lui avoit donne des feuilles pour delargent

740.0 1202.0 1080.0 80.0 Quil avoit receu du poulsat

740.0 1299.0 1671.0 87.0 Et en avoit jectes sur les 2 chevaulx et la vache

750.0 1365.0 260.0 76.0 pred

771.0 1478.0 1752.0 72.0 Quelle sestoit treuve au Sabath Sur les planches

774.0 1559.0 1355.0 75.0 Gribolai vers le fahir de dele O

768.0 1666.0 1769.0 79.0 Quilec Il y en avoit plusrs questoient masquees

756.0 1780.0 1635.0 67.0 Quilec elle cougnut la voirade femme de

797.0 1855.0 1158.0 73.0 Pierrat fongaibe de dele.

1122.0 2029.0 786.0 38.0 Le 25 dud mois 1610

749.0 2135.0 1702.0 71.0 Lad Alix librement ayant nye les faictz pred

758.0 2217.0 1665.0 76.0 et declaire quelle se faisoit tord ainsy que lon

758.0 2300.0 1777.0 85.0 la conduisoit en prison au lieu ou au paravant

767.0 2387.0 1594.0 78.0 elle avoit este Icelle dit que lon la debvoit

768.0 2462.0 1793.0 94.0 remener vers les srs officiers quelle se vouloit descharger

731.0 2560.0 1648.0 89.0 Et estant enmy la court du chasteau icelle dit

762.0 2631.0 1716.0 102.0 que vroyement elle avoit commis et perpertres

765.0 2720.0 1785.0 101.0 les actes et crimes p elle confessee Criant a dieu

759.0 2807.0 1740.0 84.0 merci et a monsr le priant de lui vouloir faire

753.0 2885.0 1641.0 89.0 grace Et estoient pnts mesrs Balthasar

749.0 2966.0 943.0 59.0 Reitner, Marrel et je.

1208.0 3085.0 651.0 78.0 Le 26. dud mois

740.0 3174.0 1692.0 73.0 Lad Alix estant derechieff examinee le matin dud

738.0 3258.0 1662.0 63.0 jour Icelle dit quelle se faisoit grand tord
