2655 3972
774.0 244.0 1556.0 107.0 faire a relascher de prison, Moyenant les

779.0 341.0 1710.0 106.0 conditions et reserves suigvantes Premierement

773.0 425.0 1575.0 123.0 que jassisterai tous Les dimenches et festes

785.0 522.0 1638.0 111.0 solempnelles devotement a leglise, et vivrai

782.0 608.0 1671.0 121.0 en femme de bien selon les ordonnance dicelle

743.0 700.0 1623.0 119.0 Secondement q je ne hanterai les assemblees

771.0 785.0 1643.0 118.0 comme Nopces beniesons comairaige, louvres

768.0 871.0 1574.0 127.0 et costelz, Ains procurerai ladvancement de

783.0 950.0 1595.0 141.0 mon menaige sans divaguer de courir ca

771.0 1066.0 1640.0 127.0 et la, en sorte que personne naura occasion

761.0 1148.0 1614.0 139.0 de soi complaindre de moi. Tiercement que

803.0 1252.0 1620.0 121.0 si aulcune ulterieure plaincte se faisoit cot

756.0 1361.0 1664.0 118.0 de moi q Je me rendrai ent les mains de la

768.0 1460.0 1628.0 129.0 Justice sans mabsenter Et finablement q

765.0 1558.0 1670.0 131.0 de ce mien emprisonement je ne me vengerai

759.0 1670.0 1713.0 124.0 p moi ou p aultres ny entreprendrai ny ferai

771.0 1766.0 1635.0 127.0 entreprendre de men venger, soit cont Sond

759.0 1871.0 1706.0 129.0 Excellence Reverendissime, Mesrs ses officiers

795.0 1970.0 1670.0 123.0 leurs serviteurs, les tesmoings produis contre

780.0 2065.0 1748.0 125.0 de moi Leurs femmes familles biens et chevances.

734.0 2189.0 1698.0 106.0 Lesquelx pointz et articles jai promis et jure p

791.0 2294.0 1527.0 91.0 serement de tout en tout de p tout fidelement

767.0 2390.0 1647.0 102.0 garder et observer de mon millieur pouvoir

746.0 2489.0 1632.0 111.0 Que sil advient que en lung ou en laultre

788.0 2579.0 1647.0 108.0 je contreviengne, alors je me submectz destre

779.0 2693.0 1590.0 79.0 chastie au contenu des ordonnances penible

773.0 2766.0 1647.0 95.0 du sainct Empire, Ce que jai p serement

764.0 2872.0 1692.0 72.0 solennel, jure de garder et inviolablement

737.0 2939.0 1680.0 93.0 accomplir Et pour plus grande solempnite

758.0 3023.0 1651.0 114.0 et assurance jai prie le? Not soubsigne,

786.0 3123.0 1571.0 113.0 de soubsigner le pnt acte en mon nom

783.0 3230.0 1685.0 94.0 Ce quil at faict a ma tres grande priere
