2746 3743
449 391 331 134 agathe

440 467 276 133 voelin

234 3046 420 57 + aiguelatte

296 3103 453 66 vefve Thiebault

254 3174 331 62 fouvent et

1434 143 990 61 + 1609. 17. aug et seqq

1046 189 1362 122 Reconfessions des actes Crimes et delictz

1110 331 1359 60 commis et perpetrez p Agatte femme

1104 412 1236 62 de henry vouelin de Beurnevesain

1069 501 1365 100 p elle recognus les 17-20-26 daougst

1136 573 1260 57 et dernier daougst de lan pnt 1609.

816 726 1532 136 Premierement confesse questant faschee avec

821 821 1626 87 les freres de son mari, quelle a estee en volonte

803 898 1521 113 p deux ou trois soir de se relever de son lict

839 987 1527 97 pour aller ? mectre le feug en la maison

824 1075 1503 88 desd freres de sond mary ne fust esté q

822 1172 1601 75 sond mary lan a enpeiche Parce quiceulx

833 1245 783 63 la chargeoyent dinjure.

740 1345 1573 137 Item confesse que sont environ dix ans

823 1446 1655 103 que au Bolz de Rechesie elle fust sollicitee

828 1531 1625 92 de lennemy questoit en forme dhomme vestu

798 1612 1667 109 de grys, que sappelloit grappin, de se donner

816 1694 1613 83 a luy avec promesse quil lui donneroit

809 1775 1537 89 de largent et quelle nauroit Jamais

822 1845 1545 113 de rien faulte. Et le soir du mesme

836 1924 1600 128 jour led Grappin se treuva derrier leur

831 2017 1593 97 maison et sur telle sollicitation q devant

787 2097 1573 112 Lad Agatte se donna a lui. Et surce

839 2187 1416 96 Renuncer Dieu et la Vierge marie

824 2269 1500 87 Cresme et baptesme. Et instaument

749 2355 1608 107 Luy donna de largent. Et heust aussy

809 2442 1467 85 in sa compagnie. Puis lui donna

807 2520 1550 84 du poulsat et de la gresse pour nuire

810 2599 1409 130 a gens et bestes. Et quant led mre

795 2688 1496 157 grappin fust depti, led argent fut

846 2779 1232 79 converty en feuilles de chesnes.

766 2889 1486 123 Item confessa que p plusrs fois lad

822 2959 1524 104 agatte a estee au Sabath avec + daultres

828 3077 1529 73 sur les planches de Rechesie. Et es planches de

819 3153 825 85 Bonfolz dit en Borel.

1424 3520 109 78 4

2346 3553 39 64 1
