2754 3743
750 158 1576 190 Jcen que sont passe trois sepmanes elle

794 267 1556 184 ecla dud poulsat sunt lung des chevaulx

791 366 1464 181 de Marrgqua henin et aussi le lud

794 494 1537 122 avant quelle fuit prisomnere en avoit

783 561 1537 172 jete sur une vache estant a Jaicque

799 690 1604 136 maillat mais ne scait sy lesd cheval.

791 738 878 165 et vache en sont mort

768 914 1568 189 een cor fesse avoir jete dud poulsat

795 1026 1570 171 sur lenfant de Jaicque maillat de sorte

791 1122 1596 160 quil en est demvenu tout debille et malade

789 1229 1452 146 Lequel mal elle ne lui seroit ester

811 1319 999 157 pour lavoir trep porte

1724 1435 304 114 s voppare

716 1464 1559 183 Jen confesse quelle ment dud poulsait

783 1613 1568 138 en une ssoppe quelle feist a la femme

729 1672 1495 170 de sen fils, et que lagant mange

777 1770 1575 149 I celle deviet fort malade. Et q la

799 1915 1479 133 dane de Ball figen lui a depuis

785 1974 713 164 este le quail sa

754 2167 1413 150 Dten de plus confesse que avec dud

809 2265 1537 149 poulsait elle ae faict mourir Borquoi

786 2358 1437 163 fils de Perrin henmin et Richarde sa

810 2467 1533 143 femme p ce quilz avoyent malp le

782 2561 1616 122 delle et dit quelle leur avoit derobe

814 2664 577 113 ung flevride

973 2836 1278 128 Lad Aguetatte fust le premie de

970 2934 1343 121 Neptembre 16og condemup nee destre

978 3005 1339 139 Brise toute unre prans pesrate

1008 3078 1287 163 fust derapitee et desla son coarps

1020 3162 594 123 jec le au feug
