2477 3768
354 114 1149 184 Adelheit vefve Borquin
413 195 663 252 Betteni
158 305 1085 378 La letie et le fromaige de
188 380 1061 445 Nicolas guyon et les gens en
200 459 761 514 devenu malade
167 569 1160 626 Franceois faidel la appelle sur
194 632 986 699 sorciere sans sestre venge
159 728 1142 800 La fille Caspar vallat malade
195 802 1113 871 Frappee malade et guerie p des
194 878 429 924 Herbes.
167 958 1142 1036 Les 18 porcs dud Caspar vallat
201 1040 767 1106 gueris de ses herbes
194 1170 618 1228 Romain villers
161 1318 1041 1372 Les chevaulx quelle faisoit
183 1398 1119 1447 mourir a Mori guyon, et ce
167 1461 1124 1518 q mtre mareschal du chasteau
194 1536 1194 1590 en dit et les herbes prins en son Curtil
176 1658 1094 1719 des medicamens quelle donna
197 1720 1097 1783 au cheval malade du père de
188 1779 1172 1850 mori vallat que devint guairis
155 1938 1142 1995 Les chevaulx Pierrenat Cesaier
216 2009 1035 2062 que lui mouroyent et les
215 2077 1130 2129 menaces faictes en son endroit
171 2172 1062 2228 Quelle ne sest vengee des
228 2254 873 2306 injures a elle dite.
189 2362 1167 2429 Les chievres quelle m tira en
207 2448 1236 2513 Lestable Jehan Belin q devindrent
222 2532 455 2588 tayries
195 2638 1232 2705 Le Bestial mort a Guilliame
192 2710 1002 2780 de Proi sur les menaces.
1643 165 2306 213 Alix vefve George
1702 236 1996 279 Rossel.
1316 322 2160 378 La vache de Nicolas guyon
1307 420 2397 482 Les 8 porcs q morurent aud Nicola
1379 489 2303 541 guyon, et les herbes donnees aux
1409 544 1604 584 aultres
1370 676 2309 733 Icelle treuvee en son Curtil,
1409 760 2289 819 baptue dit que sestoit une
1419 832 2388 895 beste q lavoit ainsy traictee
1389 933 1856 987 et portee la
1334 1092 2367 1152 La chievre domaigee p le chien
1355 1174 2352 1242 p(ar) de Pierrat Bourquene, et
1422 1249 2385 1302 son cheval tost apres mort sur
1388 1326 2330 1377 Les menaces delle et de sa fille
1362 1413 2406 1480 de plus tous les chevaulx de la charrue
1391 1496 2400 1548 mor de sa femme mort pour
1398 1557 2403 1640 navoir poyes son fils a son plaisir
1440 1704 2355 1780 De la delivrance de lenfant
1431 1776 2358 1848 de la femme Mori guyon,
1440 1850 2350 1910 et des parolles tenues p(ar) elle.
1380 1954 2385 2016 Des declarations par elle faicte de ce
1394 2038 2321 2103 q sy le     pb t r e  neust mis La
1406 2100 2408 2164 main aud garson, mori girradat
1400 2190 1982 2245 quelle Leust guairi
1364 2307 2396 2359 Laction quelle avoit au vgier
1412 2374 2396 2439 mori guyon et les chevaulx que et
1403 2459 2390 2518 bestiaulx quelle faisoit a mourir
1379 2532 2396 2571 Laccusat que lui faisoit son mari destre
1385 2566 1577 2607 sorciere
1370 2614 2313 2666 Le Cerisier vers Sainct andre
1413 2685 2244 2729 où elle estoit montee, et
1400 2743 2333 2797 Les 5 veau quelle feist mourir
1388 2808 2399 2871 Et les propos tenu p sa bellemere
1404 2959 2373 3010 Les chevaulx devenu malade
1460 3025 2211 3079 a Guilliame du prai.
1403 3144 2342 3196 La maladie donnee au père
1430 3219 2282 3266 de Adam girardat q
1446 3276 2340 3333 morut et la declarat quelle
1452 3346 2328 3402 feist q sil ne fust este
1445 3417 2000 3468 administre etc
