2655 3972
774 244 1556 107 faire a relascher de prison, Moyenant les

779 341 1710 106 conditions et reserves suigvantes Premierement

773 425 1575 123 que jassisterai tous Les dimenches et festes

785 522 1638 111 solempnelles devotement a leglise, et vivrai

782 608 1671 121 en femme de bien selon les ordonnance dicelle

743 700 1623 119 Secondement q je ne hanterai les assemblees

771 785 1643 118 comme Nopces beniesons comairaige, louvres

768 871 1574 127 et costelz, Ains procurerai ladvancement de

783 950 1595 141 mon menaige sans divaguer de courir ca

771 1061 1640 132 et la, en sorte que personne naura occasion

761 1148 1614 139 de soi complaindre de moi. Tiercement que

803 1250 1620 123 si aulcune ulterieure plaincte se faisoit cot

756 1361 1664 118 de moi q Je me rendrai ent les mains de la

768 1460 1628 129 Justice sans mabsenter Et finablement q

765 1558 1670 131 de ce mien emprisonement je ne me vengerai

759 1670 1713 124 p moi ou p aultres ny entreprendrai ny ferai

771 1766 1635 127 entreprendre de men venger, soit cont Sond

759 1871 1706 129 Excellence Reverendissime, Mesrs ses officiers

795 1970 1670 123 leurs serviteurs, les tesmoings produis contre

780 2065 1748 125 de moi Leurs femmes familles biens et chevances.

734 2189 1698 106 Lesquelx pointz et articles jai promis et jure p

791 2294 1527 91 serement de tout en tout de p tout fidelement

767 2390 1647 102 garder et observer de mon millieur pouvoir

746 2489 1632 111 Que sil advient que en lung ou en laultre

788 2579 1647 108 je contreviengne, alors je me submectz destre

779 2693 1590 79 chastie au contenu des ordonnances penible

773 2766 1647 95 du sainct Empire, Ce que jai p serement

764 2865 1692 79 solennel, jure de garder et inviolablement

737 2939 1680 93 accomplir Et pour plus grande solempnite

758 3023 1651 114 et assurance jai prie le? Not soubsigne,

786 3123 1571 113 de soubsigner le pnt acte en mon nom

783 3224 1685 100 Ce quil at faict a ma tres grande priere
