2523 3728
297 2186 273 52 Annelin

1646 134 706 37 1608, sept.24-nov.22

693 1047 1605 65 Quil a une fille noe lucie laquelle estant

1149 190 992 79 Du 24 de Septembre 1608.

698 1124 1540 58 p une fois au louvre sont environ six ans

1242 269 1049 81 Informations prinse et levees

699 1200 1562 75 Que lad lucie Annelin la frappa entre

1262 352 1048 68 doffice p nous henri farine

659 1280 1705 78 les deux espalles dont depuis elle vint grievement

1280 432 1107 71 Prevost de Pourrentruy et Claudat

687 1355 1587 81 malade et est Impotente dire du droit costel

1259 508 1026 61 Briot mayre de Courthedoubs

693 1441 1538 74 Et tient deposant coe aussi lad Lucie q p

1199 585 1093 56 Sur les diffamats et accusations,

690 1520 1572 88 ledi frappement la rendu en telle maladie

1224 660 1143 70 faictes cotr Annelin vefve de Perrat

731 1608 1641 97 Et combien q deposant aye faict tout debvoir

1265 730 1044 62 Vauthier de Courthedoubs destre

719 1697 1558 83 dela faire a guerir sy est ce quil na treuve

1254 801 846 58 accusee pour sorciere

722 1787 1600 79 aulcung remede Sinon que tous les medicins q

665 928 1680 119 Pierre Broingne dud Courthedoubs p serement depose

711 1876 1520 69 lont veu ont tousjour juge quelle estoit

704 1957 319 65 encorsele.

620 2041 1657 65 Dit q sont quatre ans questant deposant Banvert

704 2109 1578 66 Il trouva lad Lucie dessus ung poirie avec sa

714 2184 1593 70 fille que eschossotoyent des poires Et les ayant

699 2264 1596 77 deposant rescrie quilz seroyent gaigei Icelles

722 2360 1528 67 furent perdues sans quil peult scavoir ny

693 2447 1521 66 veoir quelles devindrent et ny heust une

729 2525 1091 70 seulle poire desoubs larbre.
