2643 3812
165 1771 383 156 La deculpe

713 154 1693 84 doffice se rencontrant du tout semblable a

741 240 1794 85 ceuqlle avoit confessee Icelle fust condempne

741 332 1251 77 destre aplicque a la torture.

726 487 1707 90 Ou estant recougnut entierement questoient

759 579 1659 82 10 ans quelle avoit renunce dieu Cresme et

756 657 339 70 baptesme

735 740 1080 80 Sestoit donne a son mre charbon

744 830 1113 76 Avoit heu sa compagnie froide

743 918 1332 76 Quil avoit les pied Rond coe une beste

746 1007 919 68 Quil estoit vestus de gris

729 1094 1688 105 Quil lui avoit donne des feuilles pour delargent

740 1196 1080 86 Quil avoit receu du poulsat

740 1298 1671 89 Et en avoit jectes sur les 2 chevaulx et la vache

750 1365 260 76 pred

771 1472 1752 78 Quelle sestoit treuve au Sabath Sur les planches

774 1558 1355 76 Gribolai vers le fahir de dele O

768 1661 1769 84 Quilec Il y en avoit plusrs questoient masquees

756 1778 1635 69 Quilec elle cougnut la voirade femme de

797 1855 1158 73 Pierrat fongaibe de dele.

1122 2029 786 40 Le 25 dud mois 1610

749 2133 1702 76 Lad Alix librement ayant nye les faictz pred

758 2213 1665 80 et declaire quelle se faisoit tord ainsy que lon

758 2298 1777 87 la conduisoit en prison au lieu ou au paravant

767 2384 1594 81 elle avoit este Icelle dit que lon la debvoit

768 2461 1793 95 remener vers les srs officiers quelle se vouloit descharger

731 2554 1648 95 Et estant enmy la court du chasteau icelle dit

762 2629 1716 104 que vroyement elle avoit commis et perpertres

765 2717 1785 104 les actes et crimes p elle confessee Criant a dieu

759 2807 1740 84 merci et a monsr le priant de lui vouloir faire

753 2885 1641 89 grace Et estoient pnts mesrs Balthasar

749 2966 943 59 Reitner, Marrel et je.

1208 3085 651 78 Le 26. dud mois

740 3174 1692 73 Lad Alix estant derechieff examinee le matin dud

738 3256 1662 65 jour Icelle dit quelle se faisoit grand tord
