2746 3743
449.0 391.0 331.0 134.0 agathe

440.0 467.0 276.0 133.0 voelin

234.0 3046.0 420.0 57.0 + aiguelatte

296.0 3103.0 453.0 66.0 vefve Thiebault

254.0 3174.0 331.0 62.0 fouvent et

1434.0 152.0 990.0 52.0 + 1609. 17. aug et seqq

1046.0 189.0 1362.0 121.0 Reconfessions des actes Crimes et delictz

1110.0 331.0 1359.0 52.0 commis et perpetrez p Agatte femme

1104.0 415.0 1236.0 57.0 de henry vouelin de Beurnevesain

1069.0 503.0 1365.0 98.0 p elle recognus les 17-20-26 daougst

1136.0 573.0 1260.0 57.0 et dernier daougst de lan pnt 1609.

816.0 726.0 1532.0 136.0 Premierement confesse questant faschee avec

821.0 824.0 1626.0 84.0 les freres de son mari, quelle a estee en volonte

803.0 898.0 1521.0 113.0 p deux ou trois soir de se relever de son lict

839.0 987.0 1527.0 97.0 pour aller ? mectre le feug en la maison

824.0 1078.0 1503.0 85.0 desd freres de sond mary ne fust esté q

822.0 1176.0 1601.0 71.0 sond mary lan a enpeiche Parce quiceulx

833.0 1247.0 783.0 61.0 la chargeoyent dinjure.

740.0 1345.0 1573.0 137.0 Item confesse que sont environ dix ans

823.0 1458.0 1655.0 91.0 que au Bolz de Rechesie elle fust sollicitee

828.0 1536.0 1625.0 87.0 de lennemy questoit en forme dhomme vestu

798.0 1618.0 1667.0 103.0 de grys, que sappelloit grappin, de se donner

816.0 1697.0 1613.0 80.0 a luy avec promesse quil lui donneroit

809.0 1776.0 1537.0 88.0 de largent et quelle nauroit Jamais

822.0 1846.0 1545.0 112.0 de rien faulte. Et le soir du mesme

836.0 1936.0 1600.0 116.0 jour led Grappin se treuva derrier leur

831.0 2022.0 1593.0 92.0 maison et sur telle sollicitation q devant

787.0 2097.0 1573.0 112.0 Lad Agatte se donna a lui. Et surce

839.0 2187.0 1416.0 96.0 Renuncer Dieu et la Vierge marie

824.0 2269.0 1500.0 87.0 Cresme et baptesme. Et instaument

749.0 2356.0 1608.0 106.0 Luy donna de largent. Et heust aussy

809.0 2445.0 1467.0 82.0 in sa compagnie. Puis lui donna

807.0 2520.0 1550.0 84.0 du poulsat et de la gresse pour nuire

810.0 2599.0 1409.0 130.0 a gens et bestes. Et quant led mre

795.0 2688.0 1496.0 157.0 grappin fust depti, led argent fut

846.0 2781.0 1232.0 77.0 converty en feuilles de chesnes.

766.0 2889.0 1486.0 123.0 Item confessa que p plusrs fois lad

822.0 2959.0 1524.0 103.0 agatte a estee au Sabath avec + daultres

828.0 3078.0 1529.0 72.0 sur les planches de Rechesie. Et es planches de

819.0 3153.0 825.0 85.0 Bonfolz dit en Borel.

1424.0 3520.0 109.0 78.0 4

2346.0 3553.0 39.0 64.0 1
