2623 3993
693 201 1809 143 Anne vefve henri Villain dud Courthedoubs, depose

713 335 1816 103 questant une fois aux Louvres Lad, Annelin frapit

701 423 1771 98 Lad deposante de la main sur la droite espaule

695 515 1666 85 En sorte q le Lendemain elle deposante fust

707 608 1639 80 Impotante de la droite ptie de son corps.

699 704 1763 103 Ce quayant deposante aperceu et sestant mescrus

686 805 1750 90 quelle Lui auroit donne tel mal. Surce q

717 904 1808 72 deposante avoit ouys dire que quant on estoit

725 991 1759 90 greve quon debvoit prendre de neufz sortes derbes

695 1087 1621 84 du curtil de ceulx quon se mescroit. Elle

681 1181 1742 93 deposante alla prendre de neufz sortes derbes

723 1281 1755 95 au curtil dicelle, quelle cuyt en faist une

740 1392 1599 88 soppe et la mangea dont deans huit Jours

701 1483 1843 112 ensuiguant elle fust guarie. Et croit fermement

726 1580 1704 104 que plattouchement pred telle maladie Lui

698 1673 507 89 estoit advenue.

669 1870 1614 98 Esibel, femme henry Vellain dud Courthedoubs

687 1960 1728 110 depose quelle este ester malade en ung genoil

710 2055 1651 87 mais ne scait dou procede telle maladie.

713 2147 766 78 Ne scait aultre chose.
