2477 3768
354 112 795 72 Adelheit vefve Borquin

413 192 250 60 Betteni

158 305 927 73 La letie et le fromaige de

188 380 873 65 Nicolas guyon et les gens en

200 458 561 56 devenu malade

167 569 993 57 Franceois faidel la appelle sur

194 632 792 67 sorciere sans sestre venge

159 728 983 72 La fille Caspar vallat malade

195 802 918 69 Frappee malade et guerie p des

194 878 235 46 Herbes.

167 958 975 78 Les 18 porcs dud Caspar vallat

201 1037 566 69 gueris de ses herbes

194 1170 424 58 Romain villers

161 1318 880 57 Les chevaulx quelle faisoit

183 1398 936 52 mourir a Mori guyon, et ce

167 1461 957 57 q mtre mareschal du chasteau

194 1533 1000 57 en dit et les herbes prins en son Curtil

176 1658 918 61 des medicamens quelle donna

197 1720 900 63 au cheval malade du père de

188 1779 984 71 mori vallat que devint guairis

155 1937 987 58 Les chevaulx Pierrenat Cesaier

216 2009 819 53 que lui mouroyent et les

215 2077 915 60 menaces faictes en son endroit

171 2172 891 59 Quelle ne sest vengee des

228 2254 645 58 injures a elle dite.

189 2362 978 67 Les chievres quelle m tira en

207 2448 1029 65 Lestable Jehan Belin q devindrent

222 2527 233 61 tayries

195 2638 1037 67 Le Bestial mort a Guilliame

192 2710 810 70 de Proi sur les menaces.

1643 162 663 51 Alix vefve George

1702 236 294 43 Rossel.

1316 315 844 63 La vache de Nicolas guyon

1307 420 1090 62 Les 8 porcs q morurent aud Nicola

1379 487 924 54 guyon, et les herbes donnees aux

1409 544 195 40 aultres

1370 676 939 57 Icelle treuvee en son Curtil,

1409 759 880 63 baptue dit que sestoit une

1419 832 969 63 beste q lavoit ainsy traictee

1389 924 467 63 et portee la

1334 1090 1033 62 La chievre domaigee p le chien

1355 1171 997 71 p(ar) de Pierrat Bourquene, et

1422 1249 963 53 son cheval tost apres mort sur

1388 1324 942 54 Les menaces delle et de sa fille

1362 1413 1044 67 de plus tous les chevaulx de la charrue

1391 1494 1009 54 mor de sa femme mort pour

1398 1557 1005 83 navoir poyes son fils a son plaisir

1440 1704 915 76 De la delivrance de lenfant

1431 1776 927 73 de la femme Mori guyon,

1440 1850 910 60 et des parolles tenues p(ar) elle.

1380 1951 1005 65 Des declarations par elle faicte de ce

1394 2035 927 68 q sy le     pb t r e  neust mis La

1406 2100 1002 64 main aud garson, mori girradat

1400 2190 582 57 quelle Leust guairi

1364 2302 1032 59 Laction quelle avoit au vgier

1412 2374 984 65 mori guyon et les chevaulx que et

1403 2459 987 59 bestiaulx quelle faisoit a mourir

1379 2526 1017 45 Laccusat que lui faisoit son mari destre

1385 2566 192 41 sorciere

1370 2613 943 53 Le Cerisier vers Sainct andre

1413 2679 831 50 où elle estoit montee, et

1400 2743 933 54 Les 5 veau quelle feist mourir

1388 2808 1011 64 Et les propos tenu p sa bellemere

1404 2959 969 51 Les chevaulx devenu malade

1460 3025 751 54 a Guilliame du prai.

1403 3139 939 57 La maladie donnee au père

1430 3210 852 56 de Adam girardat q

1446 3276 894 57 morut et la declarat quelle

1452 3341 876 61 feist q sil ne fust este

1445 3411 555 57 administre etc
