2754 3743
231.0 216.0 465.0 58.0 Marguerite fille

246.0 272.0 476.0 65.0 Anthoine musat de

240.0 339.0 384.0 61.0 La Rouge terre

224.0 413.0 526.0 53.0 La chambeliere velt

246.0 480.0 120.0 46.0 Riter

218.0 532.0 564.0 56.0 Claudine de Froide-

248.0 602.0 169.0 45.0 vaulx

1103.0 199.0 796.0 77.0 Du 12 daougst 1609

993.0 318.0 1403.0 78.0 Informats prinse doffice Cont Agatte

1004.0 401.0 1393.0 75.0 femme de henri vouelin de Beurnevesain

1020.0 470.0 1377.0 72.0 Sur les faiclz dont Il est accusee de vouloir

1026.0 539.0 1395.0 67.0 mectre le feu es maisons des freres de son

1029.0 608.0 170.0 50.0 ‸ mari

1353.0 753.0 282.0 99.0 ‸ son mari

755.0 819.0 1539.0 105.0 Led henri vouelin [même signe ut supra!] a librement en pntce des

812.0 939.0 1527.0 60.0 tesmoings suigvans declaire q sad femme

800.0 1015.0 1476.0 63.0 avoit p plusrs et reyterees fois dit quelle

2324.0 1081.0 72.0 30.0 lui

788.0 1120.0 1611.0 44.0 mectroit le feu es maisons des freres de sond

817.0 1189.0 1613.0 61.0 mari. Et quelle sestoit p deux ou trois Nuit

794.0 1266.0 1528.0 93.0 voulsus relever pour mectre en execution

815.0 1356.0 1402.0 88.0 telle entreprinse ne fust este q lui

806.0 1452.0 1531.0 94.0 lempescha Et ce a raison de ce q lesd

816.0 1544.0 1548.0 91.0 ses freres (coe elle disoit) la chargeoyent

821.0 1650.0 324.0 61.0 dinjure.

805.0 1819.0 1499.0 113.0 Jehan perrin Girard voueble de Beurnevesain

825.0 1929.0 1530.0 72.0 depose Quil y a environ quinze ans Que

825.0 2009.0 1461.0 55.0 lad Agatte est chargee dune destre une

762.0 2086.0 1653.0 111.0 sorciere. Et dit que ayant ung serviteur

851.0 2170.0 1519.0 78.0 que chassoit des chevaux p decoste Le Curtil

845.0 2254.0 1480.0 74.0 dicelle, quicelle champat quelque chose

808.0 2341.0 1439.0 112.0 dont lung de ses plus beaulx chevaulx

1924.0 2433.0 197.0 33.0 jument

797.0 2428.0 1609.0 108.0 devint a contreti. Laquelle ^ depuis fust

825.0 2518.0 1497.0 129.0 medicine p ung vacheron q declaira q

843.0 2613.0 1605.0 109.0 lad jument estoit ?? grevee et laquelle mourut

741.0 2712.0 1590.0 109.0 Dit de plus q la femme Jehan muat

828.0 2800.0 1521.0 97.0 monstra aud Henri voelin un veau

1888.0 2893.0 200.0 32.0 celle

819.0 2904.0 1560.0 64.0 ou y estant lad Agatte laquelle frappa

831.0 2980.0 1482.0 86.0 led veau dune vergette q incontinent led

760.0 3069.0 1628.0 91.0 veau vint accoutrety et morut Et disoit

771.0 3166.0 1568.0 83.0 Lad femme dud muat ouvertement q lad
