2601 3864
822 198 2387 346 Item confesse Icelle avoir jecté dud poulsat
837 292 2360 423 sur les porcs Jehan du pray, a raison de
828 378 2396 504 ce quil ne lui avoit volsus aller querir du
822 469 2115 568 bois, Et que ptant ils en morurent.
765 619 2373 702 Item confesse que sond mre Hemmerlin lui
819 703 2355 792 avoit donné de la graisse, et que dicelle
813 799 2292 882 graisse elle en avoit frotte une petite
833 898 2349 973 verge, de laquelle elle frappa lune
831 997 2352 1083 des fille de Caspar vallat quen devint
860 1087 2490 1179 malade. Et ce a raison de ce quelle ne
810 1187 2379 1265 Lui avoit volsus donner des blassons,
1748 1256 1894 1289 celle
801 1297 2472 1366 mais ne scait sy ceste la quest morte ou
807 1377 968 1435 non
750 1506 2421 1578 Item confesse que au rond bois de millandre
762 1588 2523 1663 q led son mre la venoit treuver et avoit allors
812 1677 1490 1747 sa compagnie.
