2754 3743
48 3515 30 153 6

270 572 66 150 7

786 179 1632 99 enffans bastien Simon, une jument au voueble

797 284 1531 75 et ung veau au claivier et donne le mal

795 362 1098 66 a Richard chavanne de Cueve.

1188 484 108 40 fils

758 533 1681 54 Bernard gui Jehan Noel mahon depose avoir

821 602 1596 59 ouys dire en pntce de plusrs Quil avoit oys

801 676 1544 70 aud henri que il se vouloir descharger Que

813 757 1551 75 sa femme estoit resolue et en volonte de

804 837 1611 73 mectre le feu en la maison de ses freres et

794 921 1542 73 que si cela ne se faisoit ceste fois la

797 1004 1641 76 quelle se feroit une aultre fois. Et quon

795 1092 1701 83 debvoit faire bon guaict quil sen deschargeoit

771 1183 1626 73 Et lavoit empeiche p deux ou trois nuit de

785 1277 1695 66 mectre en execution tel fait et quil navoit

801 1361 1500 75 point dormis pce quil ne la pouvoit

722 1445 456 67 empeicher.

776 1611 1639 77 Dit quelle est chargee et suspitionnee destre une

803 1689 1564 68 genauche Et avoir fait a mourir ung veau

828 1757 1593 76 au tixerain Mesme avoir fait a mourir le

806 1840 1612 69 fils de Jaicque chevrolet son frere Et avoir

797 1918 1503 76 greve et fait borne le fils Henri guenat

753 2154 1461 84 Groz Jehan vouelin frere dud(it) henri vouelin

768 2302 1713 101 Richard chavanne de Cueve Par serement depose

801 2404 1695 80 que trois sepmaines apres Pasques passes q deposant

813 2499 1650 106 sortit de son service de Beurnevesain A raison

807 2587 1662 108 questant aud Beurnevesain Il devint malade

810 2685 1626 121 dune Jambe laquelle sest ouverte Et est

813 2778 1545 117 encore pntement toute noire Et fust

822 2863 1572 119 remene sur ung cheval dillec en la maison

795 2973 1529 94 de son frere Estienne A Cueve Ou Il est

798 3072 1572 90 encore p lui entretenu honestement. Dit

786 3171 1638 90 q a raison de telle maladie q sond frere

2381 3563 40 153 7
