2637 3848
671 207 1600 78 Item confesse qualors ledi elle heust sa

744 298 1467 74 compagnie et copulation avec Iceluy

692 439 1578 78 Item confesse qualors aussy elle receut

731 527 1497 81 dud Hämmerlin son mre, de largent

734 617 1543 83 comme elle pensoit, mais quayant

720 718 1587 67 regardé a son dept, ce nestoit esté q

867 804 383 76 de feuilles.

732 954 1575 70 Item confesse que led Hammerlin avoit

1482 1042 819 84 des pieds de vache.

734 1052 732 77 des pieds comme [!!!inversion des lignes 9 et 10!!!]

710 1198 1521 107 Item confesse qualors led Hammerlin

713 1302 1512 112 sond mre, Lui donna du poulsat en

731 1392 1635 120 une bouete pour nuire a gens et a bestes.

647 1553 1593 104 Item confesse q       dud poulsat elle en

699 1653 1602 82 avoit jecté sur les porcs de Caspar

693 1729 1596 102 vallat, Questoyent dessus le grainier

698 1823 1623 105 et lesquelx en morurent, Et ce a raison

705 1923 1626 97 de ce q led Caspar laccusoit davoir

714 2021 1599 90 prins de la closure en une barre.

1878 2141 170 78 aussi

699 2187 1634 138 Item confesse quelle avoit jecté dud

686 2303 1644 113 poulsat sur lung des chevaulx de chez

668 2408 1696 93 Mori guyon Et questant sollicitee des

678 2521 1760 89 gens de chez led guyon de lui ayder, quicelle

716 2620 1711 80 conseilla de faire ung veu pour led

777 2704 1643 83 cheval a Souharce, Ce que ayant

705 2784 1697 93 prins ung estaulx et faict led voyaige

753 2866 1596 113 et prins des herbes et de la terre du

707 2968 1524 93 Cymetiere et en donné a manger aud

692 3077 1641 86 cheval, Il estoit devenu guairis et luy

668 3154 666 65 avoit osté le mal
