2754 3743
804 219 2430 313 Item confesse quicelle avec Agathe femme
794 304 2360 403 de Henry vouelin de Beurnevesain elle
825 393 2324 485 a este au Sabath tant sur les planches
809 492 2429 570 de Rechesir q au Bois de morteveille avec
783 576 1136 624 daultres
765 648 2330 743 Item confesse q avec la susd Agatte et
803 731 2348 829 daultres femmes elle a aide asista a faire
806 829 1514 919 de la grelle.
782 971 2321 1077 Item confesse quelle estoit p une fois en
797 1061 2303 1160 volonte de Jecter dud poulsat sur la
791 1141 2366 1257 proye des vaches affin de les faire a
818 1230 2384 1348 mourir [signe d’insertion] et que un rain luy attaingnit
785 1339 2348 1445 Le bras, de sorte que sond poulsat
786 1442 2117 1538 tomba p terre sans rien effectuer
837 1636 2315 1703 De plus confesse que avec led poulsat
843 1716 2360 1796 en ayant jecte sur les bestes suigvantes
828 1801 2310 1878 les en a faict a mourir Et ce p le
833 1879 2243 1971 commandement de sond mre Robine
788 2054 2340 2135 A scavoir a eulx mesme en leur propre
848 2132 2387 2214 maison Trois chievres et deux chevaulx
792 2248 1772 2348 A Jehan Corbat ung cheval
804 2359 1946 2459 Au Petit castrolz ung cheval
825 2487 2018 2582 A Estaise du haulst ung cheval
801 2617 2339 2712 A Gaidance ung cheval que fut le
833 2705 2486 2789 premier surquoy elle essaya Led poulsat
828 2809 2318 2912 A Mory des chaisnes dit Guenin Corbat
839 2923 1653 3000 une vache et ung vel
791 3025 1962 3112 A Mory gaiberois une vache
