2649 3967
699 244 1815 69 Qui a cause La maladie des chevaulx de Guilliame

504 288 78 75 10

765 323 251 60 perreal

533 368 1507 96 Negat dit bien scavoir quil lui en soit beaulxcoup mors

746 490 1662 71 Pourquoi quant on lappelloit genauche en elle

780 568 1068 72 se vengeoit de telle injures

501 597 54 69 11

606 645 1365 74 dit quelle navoit personne pour la deffendre

728 797 1732 72 Qui ont causé les maladies de Mori Vauthier et

720 866 1755 76 de sa femme que sont este sy souvent malades

513 899 105 72 12

728 954 1542 57 Lors que Ilz avoient querelles avec elle

566 1019 241 64 Negat

722 1121 1686 94 Qui causoit les maladies des chevaulx dud

498 1213 81 64 13

741 1211 1737 95 mori vauthier et pourquoi Il y mouroit tant

612 1290 258 73 Negat

713 1428 1755 96 Qui a cause la maladie des juvencels de

758 1526 864 76 Semon villain Et pour

444 1529 110 64 14

645 1604 219 64 Negat

750 1756 1709 99 Et pourquoi elle se treuva ainsy blessee lors

479 1818 103 66 15

774 1837 599 62 de telle maladie

641 1913 235 61 Negat

753 2043 1740 95 Pourquoi la femme premiere de Estienne doland

504 2085 150 93 16

731 2132 1794 88 disoit que elle lad Annelin la faisoit mourir

621 2213 236 73 Negat

747 2388 1817 54 Pourquoi les chevaulx de Thevnat guenin surce

749 2469 1767 57 quil avoit refuse de mener des voihon ["feuilles" suscrit pas reconnu!!!] pour elle

506 2507 102 67 17

776 2538 369 66 sont mort

581 2624 289 69 Negat

753 2750 1752 85 Comme et p quel moyen le laict de la vache

771 2836 1761 76 germain torel ne donnoit son laict, et quayant prins

738 2918 1682 83 delerbe au curtil delle lad Annelin le laict

494 2936 84 69 18

723 3002 558 70 Lui estoit retorne

630 3092 243 70 Negat

746 3216 1701 94 Sy elle scait point dou procedoit la maladie des

773 3309 1666 69 chevaulx de Thevna maillat q lui avoit

492 3342 99 72 19

746 3400 976 69 refuse de mener, des gerbes

582 3486 297 83 Negat
