2754 3743
231 216 465 60 Marguerite fille

246 272 476 65 Anthoine musat de

240 339 384 61 La Rouge terre

224 413 526 53 La chambeliere velt

246 480 120 46 Riter

218 529 564 59 Claudine de Froide-

248 602 169 45 vaulx

1103 199 796 77 Du 12 daougst 1609

993 318 1403 78 Informats prinse doffice Cont Agatte

1004 401 1393 75 femme de henri vouelin de Beurnevesain

1020 470 1377 72 Sur les faiclz dont Il est accusee de vouloir

1026 539 1395 70 mectre le feu es maisons des freres de son

1029 606 170 52 ‸ mari

1353 753 282 99 ‸ son mari

755 819 1539 105 Led henri vouelin [même signe ut supra!] a librement en pntce des

812 936 1527 63 tesmoings suigvans declaire q sad femme

800 1015 1476 63 avoit p plusrs et reyterees fois dit quelle

2324 1078 72 33 lui

788 1119 1611 45 mectroit le feu es maisons des freres de sond

817 1184 1613 66 mari. Et quelle sestoit p deux ou trois Nuit

794 1266 1528 93 voulsus relever pour mectre en execution

815 1356 1402 88 telle entreprinse ne fust este q lui

806 1452 1531 94 lempescha Et ce a raison de ce q lesd

816 1543 1548 92 ses freres (coe elle disoit) la chargeoyent

821 1648 324 63 dinjure.

805 1819 1499 113 Jehan perrin Girard voueble de Beurnevesain

825 1929 1530 72 depose Quil y a environ quinze ans Que

825 2009 1461 55 lad Agatte est chargee dune destre une

762 2086 1653 111 sorciere. Et dit que ayant ung serviteur

851 2169 1519 79 que chassoit des chevaux p decoste Le Curtil

845 2251 1480 80 dicelle, quicelle champat quelque chose

808 2341 1439 112 dont lung de ses plus beaulx chevaulx

1924 2431 197 37 jument

797 2428 1609 108 devint a contreti. Laquelle ^ depuis fust

825 2518 1497 129 medicine p ung vacheron q declaira q

843 2613 1605 109 lad jument estoit ?? grevee et laquelle mourut

741 2712 1590 109 Dit de plus q la femme Jehan muat

828 2800 1521 97 monstra aud Henri voelin un veau

1888 2888 200 37 celle

819 2902 1560 68 ou y estant lad Agatte laquelle frappa

831 2980 1482 86 led veau dune vergette q incontinent led

760 3066 1628 94 veau vint accoutrety et morut Et disoit

771 3163 1568 86 Lad femme dud muat ouvertement q lad
