2754 3743
792 155 1649 208 en coe fesse quicelle avec Agate femme

784 286 1585 123 de henriz vouelin de Beurnevesain elle

813 371 1521 133 a este fau Sabat tant sur les plauches

797 437 1642 141 de Jechesaur q an lois de Morleveille avec

772 554 375 79 dultres

754 618 1587 172 Iten confesse q avec la susd chcgatte et

792 700 1566 133 daultres femmes elle a pide a faire

793 806 733 150 de la grelle pa

771 931 1561 163 Jen coufesse quelle estoit p une fois en

785 1048 1529 110 volontes de hecter dud poulsat sur la

779 1100 1599 167 proye des vaches a flun de les faire a

806 1201 1586 155 mourir q que ung rain lug a vaugrit

774 1318 1585 149 Le brasx, Ce sorte que sond poulsat

776 1418 1351 149 tomba p terre sans rien esfetier

826 1586 1499 153 de plus comfesse que avec led poulsat

832 1679 1539 132 en ayant Iete sur les bestes suigvantes

817 1745 1504 134 les en a faict a mourir Et cep le

822 1854 1431 146 commandement de sond mre Robme

777 2036 1573 89 Acauvoir a dupmesme en leur prapre

838 2093 1559 154 maison Grois chievres et deux chevaulx

779 2217 1005 147 Jehan Corbat ung cheval

793 2335 1165 153 Qu Petit castrez ung cheval

814 2477 1214 139 A destaises de Jaulst ung cheval

791 2532 1559 170 s Baidante ung cheval que fuit le

822 2662 1675 176 preuver sairguon elle essuy osfiels poulsait

818 2733 1512 181 Netarg des chaisies dit d nenin Corbat

828 2898 835 108 vne vauche et bng tel

780 2990 1194 158 1 ong gaberoi une vache
