2617 4010
429 457 207 95 Anne

351 577 359 119 Boulay

1269 96 138 82 +

1562 154 490 73 1603, avril 16

1031 238 1294 100 Information secrete prinse doffice,

1043 331 1362 96 Contre Annelin fille henrisat Boulai

1058 418 1419 90 de Couurthedoubs et vefve de feu Pierrat

1121 514 1357 87 Vauthier dud lieu, ce 16 dapvril 1603.

795 751 1548 100 Jehan villain dud Courthedoubs, Par serement

789 835 1683 111 depose, Que Ilz avoyent p ci devant du bestial

794 924 1519 97 questoit malade et signament ung juvencel

782 1017 1581 89 dont estant aux Lovres entre aultres une

780 1116 1529 86 femme ou fille dit que sil avoyent malle

785 1218 1644 82 mescreance que les bestes fusent grevees que

800 1315 1677 93 sil sy elle mouroyent quon debvoit baptre le

833 1416 1629 83 Ling et quon verroit bien qui auroit causse

791 1515 1705 98 cela. Et estant led juvencel mort deposant

810 1617 1515 82 print ung fleau et baptit fort le ling

792 1713 1566 88 dicelui. Surquoi la feue feme de  Ge

813 1816 1656 85 Jehan Burin dit que Lad Annelin estoit fort

806 1918 1248 71 marquee et blessee p le visaige.

801 2121 1590 103 Claude vefve de feu Jehan maillat jadis Mayre

834 2208 1589 91 a Courthedoubs depose, Quelle deposante

846 2295 1595 91 a heu mauvaise opinion depuis quelle a ouys

816 2383 1575 87 dire que lad Annelin avoit greve a la fille

819 2483 1692 93 Pierre Broingne. En ce quelle deposante avoit

828 2573 1647 91 Une fille que devint tout enflee de laquelle

824 2658 1672 98 elle mourut. Et ce doultant que sad fille

825 2749 1572 94 avoit perdus sa coiffe aux Lovres et pce

834 2841 1631 104 quon chargeoit La fille de lad Annelin lavoir

840 2937 1640 118 cache, deposante dit avoir heu ceste opinion

858 3031 512 85 depuis delle.
