2475 3739
333 1628 144 159 24

701 297 1552 69 lesquelles Instanment rendirent leur laict

737 383 699 65 comme au paravant.

716 517 1558 64 Dit de plus q p une fois, ayant refuse alad

765 601 1511 62 Annelin de lui aller querir une charre de bois

725 686 1570 73 Le millieur de leur chevaulx vint malade

753 786 1527 74 de sorte quil en morut et a opinion, qu'elle

791 876 1192 77 avoit donne le mal aud cheval.

692 1025 1500 83 Dit quil a tousjour ouys suspitionner lad

732 1111 897 69 Annelin estre une sorciere

507 1286 1794 178 Perrin coinson, dud Courthedoubs Par serement depose

648 1414 1622 79 que sont environ quinze Jours quil fust requis

635 1496 1521 86 daller de mener du bouement pour lad

609 1586 1740 95 Annelin ; ce que lui ayant refuse, p ce quil

642 1681 1536 84 a asse a faire pour lui. Que lad

605 1785 1525 84 Annelin les a menace et dit quil nen,

629 1886 1594 90 gaigneroyent rien. Surce lui est venu ung

669 1986 1569 89 cheval malade lequel, est mort et tient

672 2078 1536 99 deposant q Lad Annelin lui a donne lad

678 2198 362 76 maladie.

699 2301 1571 75 Dit que divers lors quil a des neiges, quon,

732 2350 1556 107 voit, tant sur le toidt q au vergier derrier la

692 2466 1597 83 maison, delad Annelin, des passees estranges

699 2568 915 68 comme passees de vaches.

669 2688 1611 86 Dit quil a tousjour ouys dire aux enffans delle

702 2743 1604 108 quil y avoit ung gros noir chamatt chatt qualloit p leur

710 2851 1248 61 maisons, quil en avoyent bien peur
