<?xml version='1.0' encoding='utf-8'?>
<PcGts xmlns="http://schema.primaresearch.org/PAGE/gts/pagecontent/2013-07-15" xmlns:xsi="http://www.w3.org/2001/XMLSchema-instance" xsi:schemaLocation="http://schema.primaresearch.org/PAGE/gts/pagecontent/2013-07-15 http://schema.primaresearch.org/PAGE/gts/pagecontent/2013-07-15/pagecontent.xsd">
    <Metadata>
        <Creator>prov=University of Rostock/Institute of Mathematics/CITlab|PLANET AI GmbH/Tobias Gruening/tobias.gruening@planet-ai.de:name=/net_tf/LA73_249_0mod360.pb:de.uros.citlab.segmentation.CITlab_LA_ML:v=2.6.7
Transkribus</Creator>
        <Created>2021-12-09T11:17:46.129+01:00</Created>
        <LastChange>2021-12-10T12:17:17.208+01:00</LastChange>
        <TranskribusMetadata docId="858528" pageId="32292728" pageNr="1" tsid="70262459" status="DONE" userId="52016" imgUrl="https://files.transkribus.eu/Get?id=OCHKMJVYPCRGTIRTQWRBOBNW&amp;fileType=view" xmlUrl="https://files.transkribus.eu/Get?id=BYVMUARCLVTWAEDKWHSORAMB" imageId="25645004"/>
    </Metadata>
    <Page imageFilename="B_168-15-2-1_0001.jpg" imageWidth="2617" imageHeight="4010">
        <ReadingOrder>
            <OrderedGroup id="ro_1646323940788" caption="Regions reading order">
                <RegionRefIndexed index="0" regionRef="r1"/>
                <RegionRefIndexed index="1" regionRef="r2"/>
            </OrderedGroup>
        </ReadingOrder>
        <TextRegion orientation="0.0" id="r1" custom="readingOrder {index:0;}">
            <Coords points="351,457 351,696 710,696 710,457"/>
            <TextLine id="r1l1" custom="readingOrder {index:0;}">
                <Coords points="429,551 636,551 636,460 429,460 429,551"/>
                <Baseline points="429,521 636,521"/>
                <TextEquiv>
                    <Unicode>Anne </Unicode>
                </TextEquiv>
            </TextLine>
            <TextLine id="r1l2" custom="readingOrder {index:1;}">
                <Coords points="351,696 710,668 710,577 351,605 351,696"/>
                <Baseline points="351,666 710,638"/>
                <TextEquiv>
                    <Unicode>Boulay</Unicode>
                </TextEquiv>
            </TextLine>
            <TextEquiv>
                <Unicode>Anne 
Boulay</Unicode>
            </TextEquiv>
        </TextRegion>
        <TextRegion orientation="0.0" id="r2" custom="readingOrder {index:1;}">
            <Coords points="780,96 780,3116 2511,3116 2511,96"/>
            <TextLine id="r2l1" custom="readingOrder {index:0;}">
                <Coords points="1269,166 1407,178 1407,108 1269,96 1269,166"/>
                <Baseline points="1269,143 1407,155"/>
                <TextEquiv>
                    <Unicode>+ </Unicode>
                </TextEquiv>
            </TextLine>
            <TextLine id="r2l2" custom="readingOrder {index:1;}">
                <Coords points="1562,226 2052,215 2052,154 1562,165 1562,226"/>
                <Baseline points="1562,206 2052,195"/>
                <TextEquiv>
                    <Unicode>1603, avril 16 </Unicode>
                </TextEquiv>
            </TextLine>
            <TextLine id="r2l3" custom="readingOrder {index:2;}">
                <Coords points="1031,338 2325,299 2325,238 1031,277 1031,338"/>
                <Baseline points="1031,318 2325,279"/>
                <TextEquiv>
                    <Unicode>Information secrete prinse doffice,</Unicode>
                </TextEquiv>
            </TextLine>
            <TextLine id="r2l4" custom="readingOrder {index:3;}">
                <Coords points="1043,427 2405,402 2405,336 1043,361 1043,427"/>
                <Baseline points="1043,405 1792,378 2405,380"/>
                <TextEquiv>
                    <Unicode>Contre Annelin fille henrisat Boulai</Unicode>
                </TextEquiv>
            </TextLine>
            <TextLine id="r2l5" custom="readingOrder {index:4;}">
                <Coords points="1058,508 2103,484 2477,496 2477,430 2103,418 1058,442 1058,508"/>
                <Baseline points="1058,486 2103,462 2477,474"/>
                <TextEquiv>
                    <Unicode>de Couurthedoubs et vefve de feu Pierrat</Unicode>
                </TextEquiv>
            </TextLine>
            <TextLine id="r2l6" custom="readingOrder {index:5;} abbrev {offset:9; length:3;expansion:dudit;}">
                <Coords points="1121,601 1799,580 2478,600 2478,534 1799,514 1121,535 1121,601"/>
                <Baseline points="1121,579 1799,558 2478,578"/>
                <TextEquiv>
                    <Unicode>Vauthier dud lieu, ce 16 dapvril 1603.</Unicode>
                </TextEquiv>
            </TextLine>
            <TextLine id="r2l7" custom="readingOrder {index:6;} abbrev {offset:14; length:3;expansion:dudit;}">
                <Coords points="795,814 1569,818 2343,851 2343,791 1569,758 795,754 795,814"/>
                <Baseline points="795,794 1569,798 2343,831"/>
                <TextEquiv>
                    <Unicode>Jehan villain dud Courthedoubs, Par serement</Unicode>
                </TextEquiv>
            </TextLine>
            <TextLine id="r2l8" custom="readingOrder {index:7;} abbrev {offset:24; length:1;expansion:par;}">
                <Coords points="789,914 1462,896 2472,946 2472,886 1462,836 789,854 789,914"/>
                <Baseline points="789,894 1462,876 2472,926"/>
                <TextEquiv>
                    <Unicode>depose, Que Ilz avoyent p ci devant du bestial</Unicode>
                </TextEquiv>
            </TextLine>
            <TextLine id="r2l9" custom="readingOrder {index:8;}">
                <Coords points="794,1006 1753,991 2313,1021 2313,955 1753,925 873,937 794,940 794,1006"/>
                <Baseline points="794,984 1753,969 2313,999"/>
                <TextEquiv>
                    <Unicode>questoit malade et signament ung juvencel</Unicode>
                </TextEquiv>
            </TextLine>
            <TextLine id="r2l10" custom="readingOrder {index:9;}">
                <Coords points="782,1106 2363,1096 2363,1026 782,1036 782,1106"/>
                <Baseline points="782,1083 1572,1064 2363,1073"/>
                <TextEquiv>
                    <Unicode>dont estant aux Lovres entre aultres une</Unicode>
                </TextEquiv>
            </TextLine>
            <TextLine id="r2l11" custom="readingOrder {index:10;}">
                <Coords points="780,1202 2309,1189 2309,1119 780,1132 780,1202"/>
                <Baseline points="780,1179 1238,1164 2309,1166"/>
                <TextEquiv>
                    <Unicode>femme ou fille dit que sil avoyent malle</Unicode>
                </TextEquiv>
            </TextLine>
            <TextLine id="r2l12" custom="readingOrder {index:11;}">
                <Coords points="785,1300 2429,1288 2429,1218 785,1230 785,1300"/>
                <Baseline points="785,1277 2429,1265"/>
                <TextEquiv>
                    <Unicode>mescreance que les bestes fusent grevees que</Unicode>
                </TextEquiv>
            </TextLine>
            <TextLine id="r2l13" custom="readingOrder {index:12;} textStyle {offset:0; length:3;strikethrough:true;}">
                <Coords points="800,1399 1806,1385 2477,1408 2477,1338 1806,1315 800,1329 800,1399"/>
                <Baseline points="800,1376 1806,1362 2477,1385"/>
                <TextEquiv>
                    <Unicode>sil sy elle mouroyent quon debvoit baptre le</Unicode>
                </TextEquiv>
            </TextLine>
            <TextLine id="r2l14" custom="readingOrder {index:13;}">
                <Coords points="833,1499 2462,1499 2462,1429 833,1429 833,1499"/>
                <Baseline points="833,1476 1728,1463 2462,1476"/>
                <TextEquiv>
                    <Unicode>Ling et quon verroit bien qui auroit causse</Unicode>
                </TextEquiv>
            </TextLine>
            <TextLine id="r2l15" custom="readingOrder {index:14;} abbrev {offset:16; length:3;expansion:ledit;}">
                <Coords points="791,1592 1643,1586 2496,1613 2496,1543 1643,1516 791,1522 791,1592"/>
                <Baseline points="791,1569 1643,1563 2496,1590"/>
                <TextEquiv>
                    <Unicode>cela. Et estant led juvencel mort deposant</Unicode>
                </TextEquiv>
            </TextLine>
            <TextLine id="r2l16" custom="readingOrder {index:15;}">
                <Coords points="810,1691 2325,1699 2325,1629 810,1621 810,1691"/>
                <Baseline points="810,1668 2325,1676"/>
                <TextEquiv>
                    <Unicode>print ung fleau et baptit fort le ling</Unicode>
                </TextEquiv>
            </TextLine>
            <TextLine id="r2l17" custom="readingOrder {index:16;} abbrev {offset:25; length:4;expansion:femme;} textStyle {offset:34; length:2;strikethrough:true;} unclear {offset:34; length:2;}">
                <Coords points="792,1793 2358,1801 2358,1731 792,1723 792,1793"/>
                <Baseline points="792,1770 1496,1760 2358,1778"/>
                <TextEquiv>
                    <Unicode>dicelui. Surquoi la feue feme de  Ge</Unicode>
                </TextEquiv>
            </TextLine>
            <TextLine id="r2l18" custom="readingOrder {index:17;} unclear {offset:7; length:4;} abbrev {offset:20; length:3;expansion:Ladite;}">
                <Coords points="813,1898 1723,1880 2469,1901 2469,1837 1723,1816 895,1830 813,1834 813,1898"/>
                <Baseline points="813,1877 1723,1859 2469,1880"/>
                <TextEquiv>
                    <Unicode>Jehan Burin dit que Lad Annelin estoit fort</Unicode>
                </TextEquiv>
            </TextLine>
            <TextLine id="r2l19" custom="readingOrder {index:18;} abbrev {offset:19; length:1;expansion:par;}">
                <Coords points="806,1985 2054,1989 2054,1925 806,1921 806,1985"/>
                <Baseline points="806,1964 2054,1968"/>
                <TextEquiv>
                    <Unicode>marquee et blessee p le visaige.</Unicode>
                </TextEquiv>
            </TextLine>
            <TextLine id="r2l20" custom="readingOrder {index:19;}">
                <Coords points="801,2191 2391,2224 2391,2154 801,2121 801,2191"/>
                <Baseline points="801,2168 1755,2178 2391,2201"/>
                <TextEquiv>
                    <Unicode>Claude vefve de feu Jehan maillat jadis Mayre</Unicode>
                </TextEquiv>
            </TextLine>
            <TextLine id="r2l21" custom="readingOrder {index:20;}">
                <Coords points="834,2278 2423,2299 2423,2229 834,2208 834,2278"/>
                <Baseline points="834,2255 1866,2256 2423,2276"/>
                <TextEquiv>
                    <Unicode>a Courthedoubs depose, Quelle deposante</Unicode>
                </TextEquiv>
            </TextLine>
            <TextLine id="r2l22" custom="readingOrder {index:21;}">
                <Coords points="846,2365 2441,2386 2441,2316 846,2295 846,2365"/>
                <Baseline points="846,2342 1882,2346 2441,2363"/>
                <TextEquiv>
                    <Unicode>a heu mauvaise opinion depuis quelle a ouys</Unicode>
                </TextEquiv>
            </TextLine>
            <TextLine id="r2l23" custom="readingOrder {index:22;} abbrev {offset:9; length:3;expansion:ladite;}">
                <Coords points="816,2456 2391,2470 2391,2400 816,2386 816,2456"/>
                <Baseline points="816,2433 2391,2447"/>
                <TextEquiv>
                    <Unicode>dire que lad Annelin avoit greve a la fille</Unicode>
                </TextEquiv>
            </TextLine>
            <TextLine id="r2l24" custom="readingOrder {index:23;} unclear {offset:15; length:1;reason:signe\u0020de\u0020ponctuation?;}">
                <Coords points="819,2549 2511,2576 2511,2512 819,2485 819,2549"/>
                <Baseline points="819,2528 1495,2529 2511,2555"/>
                <TextEquiv>
                    <Unicode>Pierre Broingne. En ce quelle deposante avoit</Unicode>
                </TextEquiv>
            </TextLine>
            <TextLine id="r2l25" custom="readingOrder {index:24;}">
                <Coords points="828,2643 2475,2664 2475,2601 910,2577 828,2580 828,2643"/>
                <Baseline points="828,2622 1404,2616 2475,2643"/>
                <TextEquiv>
                    <Unicode>Une fille que devint tout enflee de laquelle</Unicode>
                </TextEquiv>
            </TextLine>
            <TextLine id="r2l26" custom="readingOrder {index:25;} abbrev {offset:32; length:3;expansion:sadite;}">
                <Coords points="824,2727 1325,2721 2496,2756 2496,2693 1074,2658 824,2664 824,2727"/>
                <Baseline points="824,2706 1325,2700 2496,2735"/>
                <TextEquiv>
                    <Unicode>elle mourut. Et ce doultant que sad fille</Unicode>
                </TextEquiv>
            </TextLine>
            <TextLine id="r2l27" custom="readingOrder {index:26;} abbrev {offset:38; length:3;expansion:parce;}">
                <Coords points="825,2814 2397,2843 2397,2779 825,2750 825,2814"/>
                <Baseline points="825,2793 1453,2793 2397,2822"/>
                <TextEquiv>
                    <Unicode> avoit perdus sa coiffe aux Lovres et pce</Unicode>
                </TextEquiv>
            </TextLine>
            <TextLine id="r2l28" custom="readingOrder {index:27;} abbrev {offset:27; length:3;expansion:ladite;}">
                <Coords points="834,2915 1812,2912 2465,2945 2465,2875 1812,2842 834,2845 834,2915"/>
                <Baseline points="834,2892 1812,2889 2465,2922"/>
                <TextEquiv>
                    <Unicode>quon chargeoit La fille de lad Annelin lavoir</Unicode>
                </TextEquiv>
            </TextLine>
            <TextLine id="r2l29" custom="readingOrder {index:28;}">
                <Coords points="840,3017 1824,3011 2480,3055 2480,2985 1824,2941 840,2947 840,3017"/>
                <Baseline points="840,2994 1824,2988 2480,3032"/>
                <TextEquiv>
                    <Unicode>cache, deposante dit avoir heu ceste opinion</Unicode>
                </TextEquiv>
            </TextLine>
            <TextLine id="r2l30" custom="readingOrder {index:29;}">
                <Coords points="858,3116 1370,3103 1370,3033 858,3046 858,3116"/>
                <Baseline points="858,3093 1370,3080"/>
                <TextEquiv>
                    <Unicode>depuis delle.</Unicode>
                </TextEquiv>
            </TextLine>
            <TextEquiv>
                <Unicode>+ 
1603, avril 16 
Information secrete prinse doffice,
Contre Annelin fille henrisat Boulai
de Couurthedoubs et vefve de feu Pierrat
Vauthier dud lieu, ce 16 dapvril 1603.
Jehan villain dud Courthedoubs, Par serement
depose, Que Ilz avoyent p ci devant du bestial
questoit malade et signament ung juvencel
dont estant aux Lovres entre aultres une
femme ou fille dit que sil avoyent malle
mescreance que les bestes fusent grevees que
sil sy elle mouroyent quon debvoit baptre le
Ling et quon verroit bien qui auroit causse
cela. Et estant led juvencel mort deposant
print ung fleau et baptit fort le ling
dicelui. Surquoi la feue feme de  Ge
Jehan Burin dit que Lad Annelin estoit fort
marquee et blessee p le visaige.
Claude vefve de feu Jehan maillat jadis Mayre
a Courthedoubs depose, Quelle deposante
a heu mauvaise opinion depuis quelle a ouys
dire que lad Annelin avoit greve a la fille
Pierre Broingne. En ce quelle deposante avoit
Une fille que devint tout enflee de laquelle
elle mourut. Et ce doultant que sad fille
 avoit perdus sa coiffe aux Lovres et pce
quon chargeoit La fille de lad Annelin lavoir
cache, deposante dit avoir heu ceste opinion
depuis delle.</Unicode>
            </TextEquiv>
        </TextRegion>
    </Page>
</PcGts>