2754 3743
804.0 219.0 1626.0 94.0 Item confesse quicelle avec Agathe femme

794.0 304.0 1566.0 99.0 de Henry vouelin de Beurnevesain elle

825.0 393.0 1499.0 92.0 a este au Sabath tant sur les planches

809.0 492.0 1620.0 78.0 de Rechesir q au Bois de morteveille avec

783.0 576.0 353.0 48.0 daultres

765.0 648.0 1565.0 95.0 Item confesse q avec la susd Agatte et

803.0 731.0 1545.0 98.0 daultres femmes elle a aide asista a faire

806.0 829.0 708.0 90.0 de la grelle.

782.0 971.0 1539.0 106.0 Item confesse quelle estoit p une fois en

797.0 1061.0 1506.0 99.0 volonte de Jecter dud poulsat sur la

791.0 1141.0 1575.0 116.0 proye des vaches affin de les faire a

818.0 1230.0 1566.0 118.0 mourir [signe d’insertion] et que un rain luy attaingnit

785.0 1339.0 1563.0 106.0 Le bras, de sorte que sond poulsat

786.0 1442.0 1331.0 96.0 tomba p terre sans rien effectuer

837.0 1636.0 1478.0 67.0 De plus confesse que avec led poulsat

843.0 1716.0 1517.0 80.0 en ayant jecte sur les bestes suigvantes

828.0 1801.0 1482.0 77.0 les en a faict a mourir Et ce p le

833.0 1879.0 1410.0 92.0 commandement de sond mre Robine

788.0 2054.0 1552.0 81.0 A scavoir a eulx mesme en leur propre

848.0 2132.0 1539.0 82.0 maison Trois chievres et deux chevaulx

792.0 2248.0 980.0 100.0 A Jehan Corbat ung cheval

804.0 2359.0 1142.0 100.0 Au Petit castrolz ung cheval

825.0 2487.0 1193.0 95.0 A Estaise du haulst ung cheval

801.0 2617.0 1538.0 95.0 A Gaidance ung cheval que fut le

833.0 2705.0 1653.0 84.0 premier surquoy elle essaya Led poulsat

828.0 2809.0 1490.0 103.0 A Mory des chaisnes dit Guenin Corbat

839.0 2923.0 814.0 77.0 une vache et ung vel

791.0 3025.0 1171.0 87.0 A Mory gaiberois une vache
