2649 3967
694 191 1829 136 Qui a cause La maladie des chevaulx de Guilliame

476 257 109 113 10

734 294 258 92 perreal

519 323 1524 159 Negat dit bien scavoir quil lui en soit beaulxcoup mors

720 449 1687 142 Pourquoi quant on lappelloit genauche en elle

720 525 1135 129 se vengeoit de telle injures

486 568 62 126 11

572 604 1408 146 dit quelle navoit personne pour la deffendre

714 743 1726 126 Qui ont causé les maladies de Mori Vauthier et

717 829 1769 116 de sa femme que sont este sy souvent malades

512 842 93 133 12

681 905 1594 149 Lors que Ilz avoient querelles avec elle

552 978 261 126 Negat

707 1081 1717 135 Qui causoit les maladies des chevaulx dudit

668 1176 1815 152 mori vauthier et pourquoi Il y mouroit tant

492 1143 109 149 13

588 1256 285 122 Negat

701 1385 1756 148 Qui a cause la maladie des juvencels de

727 1490 919 136 Semon villain Et pour

472 1477 63 136 14

618 1560 261 145 Negat

711 1709 1749 158 Et pourquoi elle se treuva ainsy blessee lors

724 1795 691 115 de telle maladie

605 1877 268 106 Negat

727 1996 1779 156 Pourquoi la femme premiere de Estienne doland

496 2036 145 149 16

717 2092 1819 146 disoit que elle ladite Annelin la faisoit mourir

562 2171 281 126 Negat

720 2317 1836 159 Pourquoi les chevaulx de Thevnat guenin surce

724 2419 1805 136 quil avoit refuse de mener des voihon pour elle

562 2439 26 139 17

724 2512 426 106 sont mort

529 2588 354 119 Negat

727 2717 1756 126 Comme et par quel moyen le laict de la vache

747 2809 1782 116 germain torel ne donnoit son laict, et quayant prins

714 2885 1716 123 delerbe au curtil delle ladite Annelin le laict

476 2889 122 122 18

704 2955 582 142 Lui estoit retorne

582 3051 301 132 Negat

724 3163 1743 156 Sy elle scait point dou procedoit la maladie des

714 3279 1726 126 chevaulx de Thevna maillat qui lui avoit

502 3266 70 234 19

717 3362 1022 142 refuse de mener, des gerbes

565 3474 301 102 Negat
