2754 3743
765.0 236.0 1659.0 84.0 Agatte et une aultre femme appellee

783.0 332.0 1536.0 72.0 morise laquelle sest depuis retiree

801.0 422.0 1442.0 60.0 vindrent en sa maison visiter led

780.0 500.0 1688.0 80.0 enffant Et a opinion led deposant q pour

785.0 590.0 1632.0 86.0 lavoir offence moleste pour led manteau

815.0 680.0 1584.0 88.0 que lad femme lui a heu donne le mal

821.0 764.0 1146.0 94.0 a sesdits enffa sond enfant.

2258.0 843.0 175.0 59.0 leurd

827.0 897.0 1557.0 75.0 Dit de plus que lors quelle entra en lad

798.0 989.0 1254.0 70.0 maison quil ny avoit personne.

794.0 1093.0 1582.0 83.0 Dit de plus quicelle agatte sont passe

718.0 1174.0 1684.0 97.0 ung an quicelle fust demander a vendre

809.0 1257.0 1593.0 99.0 a deposant deux pen froment Ce que

745.0 1373.0 1520.0 95.0 Lui estant refusa tout instanment

822.0 1474.0 1677.0 74.0 leur deux vaches furent tayries instanmet

785.0 1528.0 1650.0 135.0 Et ayant surce use de ladvis de gens

786.0 1663.0 1719.0 88.0 la femme dud deposant print des cendres

783.0 1757.0 1659.0 73.0 cendres de la maison de lad Agatte et

831.0 1855.0 1466.0 65.0 en ayant donne a leur vaches elles

822.0 1951.0 1277.0 74.0 rendirent incontinenti leur laict.

807.0 2071.0 1653.0 75.0 Dit quil ny a personne en la Comunaulte

830.0 2157.0 1342.0 70.0 que ne fut absente sa compagnie

576.0 2245.0 1749.0 298.0 Jehannette femme dud henri dit le mesme

777.0 2487.0 1554.0 145.0 Annatte femme de Bastien Simon p serement

789.0 2595.0 1500.0 117.0 depose Que lad Agatte fust p une fois

784.0 2675.0 1634.0 130.0 querir du laict en sa maison et lui en ayant

794.0 2754.0 1603.0 140.0 refuse p ce quelle nen avoit point leur

777.0 2858.0 1644.0 117.0 deux vaches furent tairies bien 20 sepmaines

804.0 2941.0 1505.0 113.0 jusques a ce Et ne mangeoyent choses

807.0 3022.0 1578.0 110.0 aulcunes sinon jusques a ce quelle fust

791.0 3107.0 1657.0 117.0 prendre des herbes de son curtil et en donna

803.0 3193.0 1657.0 130.0 ausd vaches et desla reprindrent le manger
