2754 3743
198.0 420.0 412.0 164.0 + de Cueve

210.0 659.0 66.0 150.0 3

222.0 1966.0 416.0 189.0 p sorcelerie

243.0 2291.0 120.0 158.0 4.

728.0 202.0 1579.0 84.0 Dit de plus Quelle mesme ne se donne

777.0 288.0 1680.0 78.0 point de peine encour quon lapelle telle genauche

744.0 390.0 1677.0 111.0 dit quon la suspitionne davoir greve a Richard

798.0 483.0 1638.0 103.0 chavanne + que demeuroit lors a Beurnevesain

741.0 629.0 1623.0 142.0 Estienne girard dud Beurnevesain depose

777.0 738.0 1644.0 114.0 q led henri se declaira que Il avoit empeche

770.0 840.0 1576.0 92.0 p deux fois sa femme questoit e volonte

765.0 929.0 1566.0 80.0 daller mectre le feug en la maison de ses

797.0 1010.0 247.0 65.0 freres

810.0 1127.0 1692.0 103.0 Depose en oultre Avoir ouys dire souventesfois

800.0 1209.0 1573.0 87.0 que lon chargeoit et suspicionoit lad Agatte

789.0 1298.0 1542.0 85.0 destre une genauche et sorciere, Et quelle

810.0 1383.0 1467.0 84.0 avoit faict mourir ung veau a Jehan

788.0 1467.0 1468.0 90.0 muat. Plus avoit grevé une jument

786.0 1554.0 1566.0 111.0 au voueble Et donne le mal a Richard

804.0 1645.0 1559.0 100.0 chavanne de Cueve Et qune femme de

734.0 1717.0 1591.0 164.0 galfinguen laccusoit de ce fait Et de

786.0 1837.0 1617.0 80.0 mesme quelle et une noe morise vefve

774.0 1920.0 1689.0 95.0 de henri Jehan guenat avoyent traict et tirez

676.0 2005.0 1661.0 104.0 Les e yeulx a lenfant de henri Jehan

815.0 2096.0 1578.0 93.0 guenat Et estre reputee pour genauche

797.0 2185.0 465.0 68.0 comunement.

731.0 2299.0 1687.0 144.0 Jehan perrin mahon depose du feug nen rien

818.0 2431.0 1006.0 62.0 scavoir sinon q p ouys dire

774.0 2521.0 1608.0 85.0 De laultre faict de genaucherie dit avoir

801.0 2603.0 1611.0 95.0 ouys apppeller genauche comunement a lad

789.0 2693.0 1614.0 86.0 Agatte Et quelle estoit accusee davoir

787.0 2783.0 1535.0 106.0 greve les lenffant de henri guenat lui

831.0 2887.0 1560.0 79.0 avoit tire les yeulx, avoit fait mourir

733.0 2957.0 1580.0 78.0 ung veau au clavier et une jument

807.0 3058.0 1509.0 55.0 au voueble ; Et avoit donne le mal a ung

815.0 3145.0 1605.0 45.0 noe Richard chavanne de Cueve duquel Il estoit

830.0 3192.0 778.0 40.0 encour ptement malade

809.0 3259.0 1434.0 74.0 Dit q led henri la menace de le faire a

801.0 3343.0 1544.0 72.0 repentir de ce q sa femme estoit en prison

2358.0 3564.0 42.0 72.0 5
