2633 3956
1230 158 1000 125 Du 24 de Novembre 1608

1197 257 1287 151 Interrogaulx faict a Annelin vefve de

1230 362 1168 142 Pierrat vauthier, de Courthedoubs

785 494 1560 155 A quelle raison elle est estee tiree en prison.

564 702 1814 132 2 Sy point elle a frappe au Louvre lucie fille

607 847 240 151 Negat

814 804 568 109 Pierre Broingne

508 1025 66 135 3

765 989 1745 191 Sy point elle a heu frappe lenfant henri Coinson

699 1084 231 99 Negat

745 1256 1544 187 Sy point elle a heu greve a la femme dudit

580 1318 63 191 4

729 1374 554 145 henri Coinson

653 1437 303 151 Negat

768 1602 1617 191 Quel passes de vache se retreuvyent

534 1734 86 145 5

768 1704 1729 184 derrier sa maison et dessus son toict en temps

765 1783 224 102 dhivers

682 1852 1878 116 Respond que ce nest seulement derrier chies elle mais partout le vilage

765 1981 1765 188 Qui estoit ce Noir homme que se retreuvoit

541 2043 89 155 6.

791 2076 1713 215 en son poille et en sa maison que son fils aveu

788 2195 551 119 souventesfois.

574 2248 293 148 Negat

758 2376 1611 225 Pourquoi elle a baptuz son fils que lavoit

584 2462 89 135 7

752 2505 366 102 divulgue

663 2558 320 95 Negat.

735 2706 1624 145 Quell estoit cest homme que fust avec elle

762 2798 1788 142 devant les fenestres de Vernier thorel que vouloit

735 2894 1719 135 donner de largent a la femme dudit Vernier

752 2993 1805 152 pour payer les emendes Que ladite femme debvoit

471 3052 307 178 Negat

712 3181 1726 171 Qui a cause la maladie de ladite femme dudit

560 3243 57 159 9

656 3293 1779 155 vernier quelle avoit les mains closes Et par apres

699 3365 775 129 perdit La parolle

557 3471 257 125 Negat
