2754 3743
765 247 2310 331 Dit quen apres lad Agatte passant p
764 329 2289 415 devant le moulin ou dep la fille de
771 422 2307 506 deposante questoyt eagee de 3 ans q
789 515 2348 595 mangeoit du pain Que estoit et lui
803 599 2459 689 ayant dit quelle mangeoit bien a la certe
800 694 2343 766 sad fille devint fort malade et debille
791 781 2316 856 et mourut deans huict jours en apres.
783 872 2306 960 Et tient et deposante telle Inimitie
804 960 2303 1038 provenir a raison de ce q elle deposante
804 1043 1938 1133 lui avoit refuse led laict
2387 3514 2453 3667 10
