2754 3743
727 165 1589 156 Item confesse aussy que avec daultres

683 271 1612 112 elle a assiste a faire de la grelle

796 339 1658 128 et de la pluye par quelquefois. Et que la grelle

796 402 1636 118 quelles feirent lannee passe icelle tomba sur le bois de

793 498 293 82 Item confesse que dudit poulsat quelle en a

733 489 1586 150 Item confesse que dudit poulsat quelle en a

808 555 1605 149 heu Jete sur lund des chevaulx au voueble

789 651 1471 150 dudit Beurnevesain dequoi il en morut

780 773 1611 159 Item confesse avoir aussy faict a mourir

374 854 238 190 Negat

786 854 1602 153 au voueble une vache. Laquelle Il avoit

799 932 1605 175 elle avoit frappe avec une verge que sondit

783 1016 1171 175 maitre grappin lui avoit donne

749 1166 1589 137 Item confesse aussy avoir faict a mourir

696 1250 1561 138 une vache a Petre Malgrain avec du

808 1331 1515 159 poulsat que sondit maître lui avoit donne

780 1490 1536 110 Item de plus confesse avoir faict mourir

789 1581 1590 122 avec dudit poulsat une vache a Jehan du pray

799 1656 1530 140 a raison quil lui avoit refuse de vendre

740 1762 605 109 de la grainne.

761 1890 1530 134 Item confesse que sont environ huict ans

808 1980 1518 141 quicelle + feist a mourir leur Une fille

796 2077 1427 122 a Bastien Simon monnier : Parce que

793 2142 1630 159 la femme dudit Simon luy avoit refuse

768 2236 1192 147 du laict sestoit ferme a elle

783 2407 1480 135 Item confesse de plus quelle a aussy

780 2507 1480 109 faict a mourir avec dudit poulsat

777 2585 1596 128 ung enffant a Jehan mahon dit madeux

783 2688 1549 125 A raison de ce que Il la chargeoyent

752 2798 1652 121 de leur avoir faict a mourir ung cheval

302 1534 241 169 Negat

184 1971 390 143 +avec dudit

265 2080 290 153 poussât
