2754 3743
1103.0 163.0 1265.0 195.0 I econfessions des Notes Cannes et

1135.0 318.0 1157.0 119.0 voelicz, Comme et pepetre p

1141.0 403.0 1321.0 96.0 Aquelate vefve de feu Ehiebanet

1173.0 454.0 1143.0 137.0 fomment de Boufelz. Par elle

1183.0 563.0 1225.0 98.0 ldrement recoguin les ses le

1183.0 643.0 1234.0 119.0 Et dervier jour daopst de lain puit

1199.0 729.0 194.0 83.0 1609

883.0 818.0 1609.0 169.0 Prtnnerement corfesse q sont environ quinze

893.0 924.0 1545.0 128.0 sons Questant en la ville de Pourrent inco

859.0 1022.0 1556.0 133.0 et ayant heu quelque parolles avec sond

833.0 1104.0 1575.0 130.0 marg A raison quilz estoyent poursant de

847.0 1177.0 1543.0 131.0 leu Thebault machangne pour des dpinies

823.0 1279.0 1565.0 147.0 qquil avoyt her heu de lux Qucelin sord

830.0 1353.0 1599.0 113.0 mary estant remupx de vin mousta sur se

846.0 1460.0 1502.0 135.0 charrete et sen alla la laissont aller

855.0 1547.0 1491.0 144.0 seule a pred et estant venne jusques

850.0 1631.0 1605.0 138.0 au bois de Morteveille. ung eau eisme

854.0 1747.0 1565.0 129.0 homme vesta de verd scomme lug seubloi t

845.0 1842.0 1489.0 92.0 la surpairla de se donner a lug et

844.0 1904.0 1368.0 161.0 quil ne la lai sseroit jamais et lai

836.0 2007.0 1544.0 159.0 domneroit de largent Ce quelle feist

815.0 2106.0 1547.0 154.0 Et benmmter allors dieu Eet la vierge

826.0 2248.0 1535.0 121.0 mare Brefmenet baptesaoe et print

828.0 2338.0 1581.0 134.0 led vestr de vere pour son mre lequel

830.0 2413.0 1584.0 132.0 Disoit sappeller fffme Et henust allors

825.0 2482.0 1444.0 151.0 Come depuis beaulx cour de fois s sa

856.0 2582.0 1587.0 138.0 compague. lequel lux donna de largeat

856.0 2704.0 1542.0 131.0 cooine lu seubloit Mas quant Il fust

833.0 2774.0 1595.0 127.0 d spartis cene fit que des fevlles de

843.0 2842.0 1485.0 160.0 chasme Comne ausq lui donna du

842.0 2936.0 1544.0 142.0 poulsat pour faire a mourir bestes et gens

848.0 3007.0 1583.0 172.0 et de la graisse pour se froter pour aller

848.0 3114.0 413.0 114.0 au Bbutt
