2606 3823
771 152 2460 231 et quelle navoit jamais commis ni perpetres les
797 224 2487 312 actes p elle confesses. Surce lui fust donne
773 309 2325 395 terme jusques apres disne de soi adviser.
1235 416 2066 501 Apres disne dud jour
756 518 2423 623 Lad Alix librement au grand poille du chasteau dit
782 594 2471 695 quelle estimoit que entant quelle ne confesseroit
782 663 2495 767 rien quelle eschape seroit renvoye quicte de la
768 722 2360 854 prison Mais quelle sestoit depuis advisee
752 807 2372 932 Et confessoit librement avoir commis lesd
792 892 2435 1000 actes lesquelx actes elle declaira derechieff
747 976 2501 1072 Lune distinctement Priant quon heust a interce-
758 1052 2427 1152 der envers son Excellence quon lui heust a
761 1151 1805 1236 pardonner tel meffaict
1199 1279 2114 1349 Le jeudi 27 dud mois
738 1416 2408 1480 Icelle sur plusrs admonestemens a elle faict
767 1495 2502 1545 en pntce des Sept hommes de ne soy faire tord
762 1559 2441 1622 ni a la justice Icelle recognut tous et chans les
776 1639 2369 1695 actes q devant les avoir commis et perpetres
773 1703 1392 1755 demandant pardon
1103 2016 2148 2103 Proces Criminel de Alix vefve
1079 2100 2054 2170 George Rossel de Boncourt
