2523 3728
297.0 2186.0 273.0 52.0 Annelin

1646.0 134.0 706.0 37.0 1608, sept.24-nov.22

693.0 1047.0 1605.0 65.0 Quil a une fille noe lucie laquelle estant

1149.0 190.0 992.0 79.0 Du 24 de Septembre 1608.

698.0 1128.0 1540.0 54.0 p une fois au louvre sont environ six ans

1242.0 269.0 1049.0 81.0 Informations prinse et levees

699.0 1201.0 1562.0 74.0 Que lad lucie Annelin la frappa entre

1262.0 352.0 1048.0 68.0 doffice p nous henri farine

659.0 1283.0 1705.0 75.0 les deux espalles dont depuis elle vint grievement

1280.0 433.0 1107.0 70.0 Prevost de Pourrentruy et Claudat

687.0 1355.0 1587.0 81.0 malade et est Impotente dire du droit costel

1259.0 508.0 1026.0 61.0 Briot mayre de Courthedoubs

693.0 1442.0 1538.0 73.0 Et tient deposant coe aussi lad Lucie q p

1199.0 585.0 1093.0 55.0 Sur les diffamats et accusations,

690.0 1521.0 1572.0 87.0 ledi frappement la rendu en telle maladie

1224.0 660.0 1143.0 70.0 faictes cotr Annelin vefve de Perrat

731.0 1608.0 1641.0 97.0 Et combien q deposant aye faict tout debvoir

1265.0 733.0 1044.0 59.0 Vauthier de Courthedoubs destre

719.0 1699.0 1558.0 80.0 dela faire a guerir sy est ce quil na treuve

1254.0 804.0 846.0 54.0 accusee pour sorciere

722.0 1788.0 1600.0 78.0 aulcung remede Sinon que tous les medicins q

665.0 928.0 1680.0 119.0 Pierre Broingne dud Courthedoubs p serement depose

711.0 1876.0 1520.0 69.0 lont veu ont tousjour juge quelle estoit

704.0 1957.0 319.0 65.0 encorsele.

620.0 2041.0 1657.0 65.0 Dit q sont quatre ans questant deposant Banvert

704.0 2109.0 1578.0 66.0 Il trouva lad Lucie dessus ung poirie avec sa

714.0 2184.0 1593.0 70.0 fille que eschossotoyent des poires Et les ayant

699.0 2265.0 1596.0 76.0 deposant rescrie quilz seroyent gaigei Icelles

722.0 2360.0 1528.0 67.0 furent perdues sans quil peult scavoir ny

693.0 2447.0 1521.0 66.0 veoir quelles devindrent et ny heust une

729.0 2525.0 1091.0 70.0 seulle poire desoubs larbre.
