2501 3744
373 2977 275 92 NB

747 253 1607 121 lequel a son lieu domicille desoubs ung mesme

765 372 1509 86 toict avec Lad Annelin. Icelle estant proche

734 467 1635 84 de leurs chevaulx, le soir dud Jour Lung diceulx

744 568 1614 68 devint malade de sorte quil mourut. Et a opinion

725 666 1629 75 deposant q pour avoir refuse de charrier pour elle

683 750 1383 81 quelle avoit donne le mal aud cheval.

700 963 1627 125 Germain torel p serement ; depose que lannee

770 1082 1578 73 passee deposant avoit une vache que ne vouloit

749 1154 1599 73 donner son laict, et que ayant fait a prendre

750 1229 1607 88 des herbes au curtil de lad Annelin (laquelle

764 1315 1578 72 avoit heu quelque dificulte avec la femme

761 1388 1584 80 dud deposant pour huit deniers) et les ayant

773 1465 1476 84 fait a manger a lad vache, elle rendit

759 1557 707 79 tost apres son laict

581 1727 1752 116 Thennat maillat de Courthedoubs p serement,

771 1833 1469 58 depose, que lan passe, lad Catherine

764 1900 1584 89 Annelin fust interpeller deposant de lui aller

770 1991 1452 91 querir une charree de gerbes, ce que ayant

737 2090 1650 97 deposant refuse, Incontinenti lui devindrent

756 2183 1512 111 deux de ses chevaulx malades de sorte que

776 2279 1512 117 environ huit jours apres ses deux chevaulx

794 2375 1479 123 morurent Et a opinion que lad Annelin

770 2470 1212 130 Lui a fait mourir ses chevaulx.

773 2644 1482 87 Dit que de plus q lui deposant, avoit une seure

764 2715 1515 99 sont passe six ans Laquelle estant au Lovre

755 2793 1512 101 Le soir et assis ent lad Annelin et sa fille

755 2875 1527 105 et en Riant, sa coiffe Lui tomba, laquelle

759 2978 1577 83 fust perdue Et surce quon disoit q la fille de

726 3058 1646 85 Lad Annelin avoit lad coiffe lad Annelin en fust
