2637 3848
671.0 214.0 1600.0 71.0 Item confesse qualors ledi elle heust sa

744.0 306.0 1467.0 66.0 compagnie et copulation avec Iceluy

692.0 446.0 1578.0 71.0 Item confesse qualors aussy elle receut

731.0 527.0 1497.0 81.0 dud Hämmerlin son mre, de largent

734.0 617.0 1543.0 77.0 comme elle pensoit, mais quayant

720.0 721.0 1587.0 64.0 regardé a son dept, ce nestoit esté q

867.0 804.0 383.0 72.0 de feuilles.

732.0 954.0 1575.0 67.0 Item confesse que led Hammerlin avoit

1482.0 1042.0 819.0 84.0 des pieds de vache.

734.0 1054.0 732.0 75.0 des pieds comme [!!!inversion des lignes 9 et 10!!!]

710.0 1198.0 1521.0 107.0 Item confesse qualors led Hammerlin

713.0 1302.0 1512.0 112.0 sond mre, Lui donna du poulsat en

731.0 1392.0 1635.0 120.0 une bouete pour nuire a gens et a bestes.

647.0 1553.0 1593.0 104.0 Item confesse q       dud poulsat elle en

699.0 1653.0 1602.0 82.0 avoit jecté sur les porcs de Caspar

693.0 1729.0 1596.0 102.0 vallat, Questoyent dessus le grainier

698.0 1823.0 1623.0 105.0 et lesquelx en morurent, Et ce a raison

705.0 1923.0 1626.0 97.0 de ce q led Caspar laccusoit davoir

714.0 2021.0 1599.0 89.0 prins de la closure en une barre.

1878.0 2141.0 170.0 78.0 aussi

699.0 2187.0 1634.0 138.0 Item confesse quelle avoit jecté dud

686.0 2303.0 1644.0 113.0 poulsat sur lung des chevaulx de chez

668.0 2408.0 1696.0 93.0 Mori guyon Et questant sollicitee des

678.0 2521.0 1760.0 89.0 gens de chez led guyon de lui ayder, quicelle

716.0 2620.0 1711.0 77.0 conseilla de faire ung veu pour led

777.0 2704.0 1643.0 83.0 cheval a Souharce, Ce que ayant

705.0 2784.0 1697.0 91.0 prins ung estaulx et faict led voyaige

753.0 2866.0 1596.0 113.0 et prins des herbes et de la terre du

707.0 2968.0 1524.0 93.0 Cymetiere et en donné a manger aud

692.0 3077.0 1641.0 86.0 cheval, Il estoit devenu guairis et luy

668.0 3154.0 666.0 65.0 avoit osté le mal
