2549 3736
146.0 735.0 492.0 55.0 + lad Annelon et

179.0 792.0 340.0 57.0 Led homme

762.0 237.0 1548.0 72.0 te donnera de largent pour payer lemende

753.0 316.0 1476.0 81.0 des quatre channes de vin q tu as faut.

753.0 397.0 1544.0 85.0 Surquoi elle respondit quelle ny voulut

770.0 497.0 1563.0 89.0 aller. Que son mari nestoit en la maison,

753.0 589.0 1442.0 90.0 et quil ne vouloit rien faire que p lui

725.0 667.0 1579.0 119.0 Et sestant deptis  + . Led deposant arriva

750.0 789.0 1485.0 80.0 bien tost apres en la maison, auquel sad

759.0 879.0 1488.0 82.0 femme lui compta ce que dessus Et en,

737.0 972.0 1509.0 86.0 lui racomptant elle devint Impotente

695.0 1078.0 1522.0 90.0 des bras et des Jambes, de mode qu'il lui

737.0 1183.0 1441.0 86.0 vindrent tout tord et avoit les mains

734.0 1290.0 1441.0 70.0 closes quon ne lui pouvoit ouvrir.

712.0 1382.0 1465.0 80.0 Et estant conseillee de s prendre des

734.0 1482.0 1500.0 124.0 herbes au curtil de lad Annelon et den

740.0 1591.0 1479.0 88.0 menger, elle en fust prendre dequoi

747.0 1698.0 1584.0 86.0 en ayant mange les mains se ouvrirent

722.0 1831.0 1591.0 85.0 Mais surce elle perdit la parolle, estant

705.0 1953.0 1659.0 74.0 derechieff conseillee daller prendre de la

752.0 2073.0 1576.0 71.0 terre desoubs le seuille de la maison de

707.0 2186.0 1558.0 74.0 Lad Annelin et den menger ; elle Layant

711.0 2284.0 1515.0 76.0 faict La parolle Lui revint. Mais non

702.0 2383.0 1511.0 94.0 pourtant lad femme dud deposant est

710.0 2492.0 1620.0 99.0 tousjour malade. Laquelle mantient q lad

714.0 2591.0 1577.0 93.0 Annelin lui a donne telle maladie et plus

723.0 2686.0 297.0 76.0 nen dit.
