2648 3947
825 177 1661 148 A quelle occasion ladite Annelin fust faschee

828 266 1675 141 lors quela f coiffe de la seure Thevnat

111 282 655 106 Confesse avoir maudit

144 348 652 105 celle que faisoit 20 tord

809 338 1644 155 maillat fust perdue, Et sy elle scait rien

167 414 569 85 a laultre quelle ne

786 427 1799 151 de la maladie dicelle dequoi la mort sen ensuivit

167 476 569 99 deust point vivre ung

194 552 657 112 an. Et est depuis morte

789 608 1697 164 Sy elle scait point qui avoit oste Le laict aux

825 713 1668 129 chievres de Nicolas torel et comme le laict

582 799 69 89 21

786 812 641 141 Leur est revenu.

598 901 257 121 Negat

766 1032 1684 165 Sy elle scait point qui estoit la cause du laict

822 1134 1618 132 des vaches de dedie villain lors quelle ladite

792 1223 1694 122 Annelin fust au marche avec leur mere,

529 1256 161 95 22

822 1299 1750 131 et avoit tenu et manie en ses mains lebeurre

552 1397 336 106 Negat

792 1506 1592 135 Sy elle scait point la cause dela maladie

802 1601 1648 129 du cheval dudit dedie Lors quelle quil lui

539 1654 72 118 23

822 1687 1533 135 refusa daller querir une charre de bois

585 1782 359 132 Negat.

805 1894 1754 135 Du cheval mort a Perrin coinson et devenu

802 1989 1661 132 malade incontinenti apres que ledit Perrin

947 2065 1615 151 Lui heust refuse de mener du fumier et quelle

766 2160 1444 145 Leust menace quil nen gaingneroit rien.

552 2272 405 165 Negat.

796 2424 1638 167 Quil Maudiroit tant Vernier coinson quille

526 2486 131 201 25

796 2532 990 161 feroit a seicher sur terre.

776 2693 1691 145 Lors quon portoit lenfant vernier coinson pour

805 2795 1741 132 baptiser, quelle dit a Belet femme Borcard guenin

805 2884 1658 125 qui tient cest enffant quelle respondit bien veoir

480 2897 151 138 26

763 2966 1746 135 que surce elle dit quelle feroit le diable que lui deust

802 3065 1714 135 tomber sus et sur le pere et sur la mere et sur

749 3151 1412 138 Lenfant et sur les parain et maronnes.
