2754 3743
765 234 1659 89 Agatte et une aultre femme appellee

783 331 1536 73 morise laquelle sest depuis retiree

801 422 1442 62 vindrent en sa maison visiter led

780 497 1688 86 enffant Et a opinion led deposant q pour

785 590 1632 86 lavoir offence moleste pour led manteau

815 680 1584 88 que lad femme lui a heu donne le mal

821 764 1146 94 a sesdits enffa sond enfant.

2258 842 175 60 leurd

827 897 1557 75 Dit de plus que lors quelle entra en lad

798 984 1254 75 maison quil ny avoit personne.

794 1091 1582 85 Dit de plus quicelle agatte sont passe

718 1174 1684 97 ung an quicelle fust demander a vendre

809 1257 1593 99 a deposant deux pen froment Ce que

745 1372 1520 96 Lui estant refusa tout instanment

822 1472 1677 76 leur deux vaches furent tayries instanmet

785 1528 1650 135 Et ayant surce use de ladvis de gens

786 1663 1719 88 la femme dud deposant print des cendres

783 1757 1659 73 cendres de la maison de lad Agatte et

831 1853 1466 70 en ayant donne a leur vaches elles

822 1951 1277 74 rendirent incontinenti leur laict.

807 2067 1653 79 Dit quil ny a personne en la Comunaulte

830 2149 1342 78 que ne fut absente sa compagnie

576 2245 1749 298 Jehannette femme dud henri dit le mesme

777 2485 1554 147 Annatte femme de Bastien Simon p serement

789 2591 1500 121 depose Que lad Agatte fust p une fois

784 2675 1634 130 querir du laict en sa maison et lui en ayant

794 2754 1603 140 refuse p ce quelle nen avoit point leur

777 2858 1644 117 deux vaches furent tairies bien 20 sepmaines

804 2941 1505 113 jusques a ce Et ne mangeoyent choses

807 3020 1578 112 aulcunes sinon jusques a ce quelle fust

791 3107 1657 117 prendre des herbes de son curtil et en donna

803 3193 1657 130 ausd vaches et desla reprindrent le manger
