2475 3739
333.0 1628.0 144.0 159.0 24

701.0 297.0 1552.0 61.0 lesquelles Instanment rendirent leur laict

737.0 389.0 699.0 58.0 comme au paravant.

716.0 517.0 1558.0 64.0 Dit de plus q p une fois, ayant refuse alad

765.0 601.0 1511.0 61.0 Annelin de lui aller querir une charre de bois

725.0 687.0 1570.0 68.0 Le millieur de leur chevaulx vint malade

753.0 786.0 1527.0 72.0 de sorte quil en morut et a opinion, qu'elle

791.0 876.0 1192.0 77.0 avoit donne le mal aud cheval.

692.0 1027.0 1500.0 81.0 Dit quil a tousjour ouys suspitionner lad

732.0 1114.0 897.0 66.0 Annelin estre une sorciere

507.0 1286.0 1794.0 178.0 Perrin coinson, dud Courthedoubs Par serement depose

648.0 1424.0 1622.0 69.0 que sont environ quinze Jours quil fust requis

635.0 1507.0 1521.0 75.0 daller de mener du bouement pour lad

609.0 1588.0 1740.0 93.0 Annelin ; ce que lui ayant refuse, p ce quil

642.0 1692.0 1536.0 73.0 a asse a faire pour lui. Que lad

605.0 1785.0 1525.0 84.0 Annelin les a menace et dit quil nen,

629.0 1886.0 1594.0 90.0 gaigneroyent rien. Surce lui est venu ung

669.0 1991.0 1569.0 84.0 cheval malade lequel, est mort et tient

672.0 2085.0 1536.0 90.0 deposant q Lad Annelin lui a donne lad

678.0 2198.0 362.0 75.0 maladie.

699.0 2303.0 1571.0 73.0 Dit que divers lors quil a des neiges, quon,

732.0 2351.0 1556.0 106.0 voit, tant sur le toidt q au vergier derrier la

692.0 2480.0 1597.0 69.0 maison, delad Annelin, des passees estranges

699.0 2568.0 915.0 64.0 comme passees de vaches.

669.0 2695.0 1611.0 79.0 Dit quil a tousjour ouys dire aux enffans delle

702.0 2743.0 1604.0 108.0 quil y avoit ung gros noir chamatt chatt qualloit p leur

710.0 2852.0 1248.0 60.0 maisons, quil en avoyent bien peur
