2754 3743
324.0 151.0 795.0 52.0 Informations levees cot

343.0 194.0 747.0 97.0 Agatte femme de henri

1604.0 106.0 660.0 126.0 1609. 15. aug

351.0 276.0 768.0 61.0 Vouelin de Beurnevesain

1122.0 202.0 763.0 143.0 Du 15 daougst 1609

791.0 347.0 1405.0 128.0 Henneman Lacovatte de Beurnevesain

819.0 474.0 1458.0 63.0 par serement depose Que sont environ

806.0 557.0 1476.0 68.0 Seize ans quil servoit aupres du voueble

801.0 648.0 1506.0 70.0 dud lieu Et estant alle requerir les chevaulx

809.0 734.0 1564.0 73.0 de son mre ainsy quil les chassoit p aupres

777.0 821.0 1527.0 89.0 du vergier de Aug henri vouelin. Agatte

816.0 914.0 1508.0 99.0 femme dicelui dit estant au dessus dud

792.0 1013.0 1536.0 101.0 vergier ainsy q led chevaulx passoyent

810.0 1141.0 1550.0 82.0 se baissat puis jeta de la main [ illisible ]

812.0 1241.0 1564.0 84.0 contre lesd chevaux mais deposant ne

806.0 1349.0 1707.0 80.0 veit point ce que sestoit. Et tout Instanment

773.0 1460.0 1596.0 77.0 Lung des chevaulx de sond mre tombat

720.0 1568.0 1601.0 146.0 p terre tout accoutreti. Lequel Ilz

719.0 1679.0 1674.0 137.0 Laissarent p quelque temps devant la

776.0 1793.0 1465.0 86.0 maison dud vouelin. Et desla le

776.0 1894.0 1624.0 111.0 pourtarent en la maison de sond mre.

788.0 2096.0 1554.0 84.0 Dit en oultre q dimenche passe du soir

761.0 2200.0 1650.0 119.0 led henri vouelin estant alle en la maison

777.0 2291.0 1568.0 116.0 de lui deposant. Icelui dit quil ne

812.0 2377.0 1660.0 146.0 scavoit ce quil vouloit faire de sa femme

822.0 2494.0 1629.0 117.0 quelle sestoit volsus relever deux ou trois

789.0 2576.0 1643.0 146.0 fois pour aller mectre le feug en la maison

809.0 2671.0 1557.0 124.0 des freres de lui Neust este quil lavoit

794.0 2749.0 1560.0 138.0 empeiche Et q sen elle sen estoit alle

797.0 2837.0 1641.0 142.0 nesachant ou elle alloit Et quicelle sestoit

800.0 2945.0 1641.0 118.0 declaire quelle ne rentreroit dedans Beur-

809.0 3049.0 1605.0 104.0 nevesain quelle neust faict du mal, quest

809.0 3159.0 771.0 96.0 tout ce quil en scait

1356.0 3527.0 111.0 78.0 2

2369.0 3539.0 46.0 71.0 1
