2477 3768
354.0 114.0 795.0 70.0 Adelheit vefve Borquin

413.0 195.0 250.0 57.0 Betteni

158.0 305.0 927.0 73.0 La letie et le fromaige de

188.0 380.0 873.0 65.0 Nicolas guyon et les gens en

200.0 459.0 561.0 55.0 devenu malade

167.0 569.0 993.0 57.0 Franceois faidel la appelle sur

194.0 632.0 792.0 67.0 sorciere sans sestre venge

159.0 728.0 983.0 72.0 La fille Caspar vallat malade

195.0 802.0 918.0 69.0 Frappee malade et guerie p des

194.0 878.0 235.0 46.0 Herbes.

167.0 958.0 975.0 78.0 Les 18 porcs dud Caspar vallat

201.0 1040.0 566.0 66.0 gueris de ses herbes

194.0 1170.0 424.0 58.0 Romain villers

161.0 1318.0 880.0 54.0 Les chevaulx quelle faisoit

183.0 1398.0 936.0 49.0 mourir a Mori guyon, et ce

167.0 1461.0 957.0 57.0 q mtre mareschal du chasteau

194.0 1536.0 1000.0 54.0 en dit et les herbes prins en son Curtil

176.0 1658.0 918.0 61.0 des medicamens quelle donna

197.0 1720.0 900.0 63.0 au cheval malade du père de

188.0 1779.0 984.0 71.0 mori vallat que devint guairis

155.0 1938.0 987.0 57.0 Les chevaulx Pierrenat Cesaier

216.0 2009.0 819.0 53.0 que lui mouroyent et les

215.0 2077.0 915.0 52.0 menaces faictes en son endroit

171.0 2172.0 891.0 56.0 Quelle ne sest vengee des

228.0 2254.0 645.0 52.0 injures a elle dite.

189.0 2362.0 978.0 67.0 Les chievres quelle m tira en

207.0 2448.0 1029.0 65.0 Lestable Jehan Belin q devindrent

222.0 2532.0 233.0 56.0 tayries

195.0 2638.0 1037.0 67.0 Le Bestial mort a Guilliame

192.0 2710.0 810.0 70.0 de Proi sur les menaces.

1643.0 165.0 663.0 48.0 Alix vefve George

1702.0 236.0 294.0 43.0 Rossel.

1316.0 322.0 844.0 56.0 La vache de Nicolas guyon

1307.0 420.0 1090.0 62.0 Les 8 porcs q morurent aud Nicola

1379.0 489.0 924.0 52.0 guyon, et les herbes donnees aux

1409.0 544.0 195.0 40.0 aultres

1370.0 676.0 939.0 57.0 Icelle treuvee en son Curtil,

1409.0 760.0 880.0 59.0 baptue dit que sestoit une

1419.0 832.0 969.0 63.0 beste q lavoit ainsy traictee

1389.0 933.0 467.0 54.0 et portee la

1334.0 1092.0 1033.0 60.0 La chievre domaigee p le chien

1355.0 1174.0 997.0 68.0 p(ar) de Pierrat Bourquene, et

1422.0 1249.0 963.0 53.0 son cheval tost apres mort sur

1388.0 1326.0 942.0 51.0 Les menaces delle et de sa fille

1362.0 1413.0 1044.0 67.0 de plus tous les chevaulx de la charrue

1391.0 1496.0 1009.0 52.0 mor de sa femme mort pour

1398.0 1557.0 1005.0 83.0 navoir poyes son fils a son plaisir

1440.0 1704.0 915.0 76.0 De la delivrance de lenfant

1431.0 1776.0 927.0 72.0 de la femme Mori guyon,

1440.0 1850.0 910.0 60.0 et des parolles tenues p(ar) elle.

1380.0 1954.0 1005.0 62.0 Des declarations par elle faicte de ce

1394.0 2038.0 927.0 65.0 q sy le     pb t r e  neust mis La

1406.0 2100.0 1002.0 64.0 main aud garson, mori girradat

1400.0 2190.0 582.0 55.0 quelle Leust guairi

1364.0 2307.0 1032.0 52.0 Laction quelle avoit au vgier

1412.0 2374.0 984.0 65.0 mori guyon et les chevaulx que et

1403.0 2459.0 987.0 59.0 bestiaulx quelle faisoit a mourir

1379.0 2532.0 1017.0 39.0 Laccusat que lui faisoit son mari destre

1385.0 2566.0 192.0 41.0 sorciere

1370.0 2614.0 943.0 52.0 Le Cerisier vers Sainct andre

1413.0 2685.0 831.0 44.0 où elle estoit montee, et

1400.0 2743.0 933.0 54.0 Les 5 veau quelle feist mourir

1388.0 2808.0 1011.0 63.0 Et les propos tenu p sa bellemere

1404.0 2959.0 969.0 51.0 Les chevaulx devenu malade

1460.0 3025.0 751.0 54.0 a Guilliame du prai.

1403.0 3144.0 939.0 52.0 La maladie donnee au père

1430.0 3219.0 852.0 47.0 de Adam girardat q

1446.0 3276.0 894.0 57.0 morut et la declarat quelle

1452.0 3346.0 876.0 56.0 feist q sil ne fust este

1445.0 3417.0 555.0 51.0 administre etc
