2544 3751
552 227 1832 157 Vernier perrial dud Courthedoubs par serment

780 356 1575 101 a depose Que deposant avoit la fille de

752 438 1500 125 Pierre Broingne pour servande Laquelle

749 495 1497 127 estant alle au Louvre, fust frappee p lad

676 606 298 114 Annelin

678 590 1679 130 Lucie laquelle servande depuis vint inpotente

761 688 1491 121 et disoit Lad servande q telle maladie

683 767 1611 122 Lui estoit derivee du coup quelle avoit receu

753 859 1544 99 de lad Luc Annelin. Et dit encore

753 931 1509 139 tousjour ouys dire q lad Annelin estoit une

722 1065 333 100 sorciere

665 1287 1675 229 Henri Coinson dudi Courthedoubs depose que

700 1388 1562 128 Lui deposant avoit ung enffant q devint

737 1490 1633 104 malade et layant interrogue dou venoit ceste

719 1560 1575 118 maladie respondit que sestoit Annelin q

687 1661 1568 116 Lavoit frappe, et depuis sestant estoit

749 1740 1589 164 revenue en quelque peu de convalescence

740 1842 702 109 morut tos apres.

1745 1876 163 62 de lui

653 1940 1693 121 Dit q de plus que la femme du deposant p

658 2007 1660 131 une fois estant en son curtil travaillant

735 2091 1641 129 lad Annelin la rescria quelle travaillioit

744 2175 1589 152 bien a la certer  Et le soir dud jour venu

651 2272 1689 155 Lad femme dud deposant vint malade Et

744 2390 1530 133 ayant deposant Interrogue sad femme

686 2480 1591 130 dou procedoit telle maladie, elle respondit

726 2582 1529 156 quelle avoit opinion q lad Annelin lui

762 2685 1523 126 avoit donne lad maladie, de laquelle

734 2738 1454 159 environ quinze jours apres elle morut.

557 2865 1812 122 Dit de plus q la maison, et vergier de lad Annelin

720 2963 1640 117 est proche de celle du deposant. Et avoir veu

726 3030 1614 138 en hiver lors des neiges des passees comme
