2754 3743
329.0 296.0 262.0 190.0 Negat

288.0 1949.0 503.0 175.0 Tesmoings

278.0 2199.0 537.0 149.0 Jehan savageat

254.0 2332.0 600.0 113.0 Jehan perin pagan

287.0 2420.0 573.0 83.0 Vuillemat Bairevoi

272.0 2505.0 588.0 120.0 hans herard gindre

315.0 2574.0 196.0 45.0 Jehan

275.0 2575.0 609.0 96.0 Girard Jehannerat

287.0 2674.0 474.0 79.0 Jehan Salvestre

297.0 2771.0 488.0 110.0 Jehan choulat.

716.0 153.0 1611.0 184.0 Item confesse en oultre quen ceste p(rese)nte

822.0 299.0 1374.0 64.0 annee avec dud(it) Poulsat elle a faict

824.0 375.0 1525.0 72.0 mourir une vache En chez le vieulx voueble

815.0 437.0 1494.0 96.0 A raison de ce quil leur avoit refuse de

833.0 566.0 723.0 78.0 vendre de la grainne

810.0 671.0 1481.0 99.0 Comme aussy confesse que sont environ

813.0 752.0 1478.0 108.0 dix ans quelle feist a mourir ungne

834.0 842.0 1424.0 102.0 jument grise en chez le vieulx voueble

834.0 932.0 1455.0 96.0 Layant frappe avec une verge q son

800.0 1015.0 1500.0 96.0 mre lui avoit donne. Et ce a raison

807.0 1095.0 1517.0 97.0 de ce quil lavoyent charge destre este

806.0 1184.0 1299.0 96.0 en leur prel prendre de lerbe.

1067.0 1427.0 1113.0 144.0 Le premier de Septembre 1609

1086.0 1570.0 1109.0 79.0 lad Agatte fust condempnee

1098.0 1655.0 1062.0 67.0 destre Bruslee toute vive

1095.0 1742.0 1194.0 69.0 Mais p grace heu fut decapitee

1115.0 1820.0 1161.0 75.0 et dezlat son corps jecte au feug.
