2501 3744
373.0 2977.0 275.0 92.0 NB

747.0 253.0 1607.0 121.0 lequel a son lieu domicille desoubs ung mesme

765.0 375.0 1509.0 83.0 toict avec Lad Annelin. Icelle estant proche

734.0 468.0 1635.0 83.0 de leurs chevaulx, le soir dud Jour Lung diceulx

744.0 569.0 1614.0 67.0 devint malade de sorte quil mourut. Et a opinion

725.0 668.0 1629.0 64.0 deposant q pour avoir refuse de charrier pour elle

683.0 750.0 1383.0 81.0 quelle avoit donne le mal aud cheval.

700.0 963.0 1627.0 125.0 Germain torel p serement ; depose que lannee

770.0 1082.0 1578.0 73.0 passee deposant avoit une vache que ne vouloit

749.0 1155.0 1599.0 71.0 donner son laict, et que ayant fait a prendre

750.0 1229.0 1607.0 88.0 des herbes au curtil de lad Annelin (laquelle

764.0 1315.0 1578.0 72.0 avoit heu quelque dificulte avec la femme

761.0 1396.0 1584.0 72.0 dud deposant pour huit deniers) et les ayant

773.0 1465.0 1476.0 84.0 fait a manger a lad vache, elle rendit

759.0 1557.0 707.0 79.0 tost apres son laict

581.0 1727.0 1752.0 116.0 Thennat maillat de Courthedoubs p serement,

771.0 1837.0 1469.0 54.0 depose, que lan passe, lad Catherine

764.0 1900.0 1584.0 89.0 Annelin fust interpeller deposant de lui aller

770.0 1991.0 1452.0 91.0 querir une charree de gerbes, ce que ayant

737.0 2090.0 1650.0 97.0 deposant refuse, Incontinenti lui devindrent

756.0 2183.0 1512.0 111.0 deux de ses chevaulx malades de sorte que

776.0 2279.0 1512.0 117.0 environ huit jours apres ses deux chevaulx

794.0 2375.0 1479.0 123.0 morurent Et a opinion que lad Annelin

770.0 2470.0 1212.0 130.0 Lui a fait mourir ses chevaulx.

773.0 2644.0 1482.0 87.0 Dit que de plus q lui deposant, avoit une seure

764.0 2715.0 1515.0 99.0 sont passe six ans Laquelle estant au Lovre

755.0 2793.0 1512.0 101.0 Le soir et assis ent lad Annelin et sa fille

755.0 2875.0 1527.0 105.0 et en Riant, sa coiffe Lui tomba, laquelle

759.0 2980.0 1577.0 81.0 fust perdue Et surce quon disoit q la fille de

726.0 3058.0 1646.0 85.0 Lad Annelin avoit lad coiffe lad Annelin en fust
