2754 3743
761.0 230.0 1554.0 106.0 Item que sont passe trois sepmaines elle

804.0 326.0 1536.0 99.0 Jecta dud poulsat sur lung des chevaulx

801.0 418.0 1443.0 85.0 de Moriqua hennin et aussi le lundi

803.0 506.0 1516.0 88.0 avant quelle fut prisonniere en avoit

794.0 599.0 1516.0 89.0 jecte sur une vache estant a Jaicque

810.0 684.0 1581.0 111.0 maillat mais ne scait sy lesd cheval

801.0 789.0 857.0 70.0 et vache en son mort

779.0 965.0 1546.0 96.0 Item confesse avoir jecte dud poulsat

807.0 1066.0 1548.0 87.0 sur lenfant de Jaicque maillat de sorte

803.0 1168.0 1573.0 96.0 quil en est devenu tout debille et malade

800.0 1261.0 1429.0 95.0 Lequel mal elle ne lui seroit oster

822.0 1358.0 978.0 71.0 Pour lavoir trop porte

1737.0 1458.0 281.0 79.0 [signe d'insertion] ung peu

726.0 1544.0 1539.0 84.0 Item confesse quelle meit [signes d’insertion] dud poulsat

794.0 1625.0 1545.0 109.0 en une soppe quelle feist a la femme

740.0 1723.0 1474.0 79.0 de son filz, et que layant mange

786.0 1818.0 1554.0 91.0 Icelle devint fort malade. Et q la

810.0 1917.0 1458.0 95.0 Dame de Gallfingen lui a depuis

795.0 2024.0 693.0 73.0 oste le mal.

765.0 2210.0 1392.0 70.0 Item de plus confesse que avec dud

819.0 2290.0 1517.0 97.0 poulsat elle a faict mourir Borquin

797.0 2384.0 1416.0 96.0 filz de Perrin hennin et Richarde sa

822.0 2478.0 1511.0 107.0 femme pce quilz avoyent mal ple

792.0 2577.0 1595.0 110.0 delle et dit quelle Leur avoit derobe

825.0 2678.0 557.0 73.0 ung fleurie

983.0 2882.0 1258.0 71.0 Lad Aignelatte fust le premier de

981.0 2965.0 1322.0 60.0 Septembre 1609 condempnee destre

989.0 3035.0 1318.0 63.0 Bruslee toute vive mais p grace

1017.0 3110.0 1268.0 83.0 fust decapitee et desla son corps

1032.0 3190.0 572.0 90.0 jecte au feug
