<?xml version="1.0" encoding="UTF-8"?>
<alto xmlns:xsi="http://www.w3.org/2001/XMLSchema-instance"
      xmlns="http://www.loc.gov/standards/alto/ns-v4#"
      xsi:schemaLocation="http://www.loc.gov/standards/alto/ns-v4# http://www.loc.gov/standards/alto/v4/alto-4-2.xsd">
  <Description>
    <MeasurementUnit>pixel</MeasurementUnit>
    <sourceImageInformation>
      <fileName>B_168_15-23-5_0002.jpg</fileName>
      
    </sourceImageInformation>
  </Description>
  
  <Layout>
    <Page WIDTH="2622"
          HEIGHT="3818"
          PHYSICAL_IMG_NR="55"
          ID="eSc_dummypage_">
      <PrintSpace HPOS="0"
                  VPOS="0"
                  WIDTH="2622"
                  HEIGHT="3818">
        
        <TextBlock HPOS="78"
                   VPOS="1454"
                   WIDTH="522"
                   HEIGHT="123"
                   ID="r1"
                   TAGREFS="BT">
          <Shape><Polygon POINTS="78 1454 78 1577 600 1577 600 1454"/></Shape>
          
          
          <TextLine ID="r1l1"
                    
                    BASELINE="78 1496 260 1500 600 1482" 
                    HPOS="78.0"
                    VPOS="1454.0"
                    WIDTH="522.0"
                    HEIGHT="56.0">
            <Shape><Polygon POINTS="78 1510 600 1496 600 1454 78 1468 78 1510"/></Shape>
	    <String CONTENT=" proche du fahie"
                    HPOS="78.0"
                    VPOS="1454.0"
                    WIDTH="522.0"
                    HEIGHT="56.0"></String>
          </TextLine>

          
          
          <TextLine ID="r1l2"
                    
                    BASELINE="120 1559 426 1553" 
                    HPOS="120.0"
                    VPOS="1525.0"
                    WIDTH="306.0"
                    HEIGHT="48.0">
            <Shape><Polygon POINTS="120 1573 426 1567 426 1525 120 1531 120 1573"/></Shape>
	    <String CONTENT="de dele "
                    HPOS="120.0"
                    VPOS="1525.0"
                    WIDTH="306.0"
                    HEIGHT="48.0"></String>
          </TextLine>

          
        </TextBlock>
        
        <TextBlock HPOS="645"
                   VPOS="149"
                   WIDTH="1830"
                   HEIGHT="1563"
                   ID="r2"
                   TAGREFS="BT">
          <Shape><Polygon POINTS="645 149 645 1712 2475 1712 2475 149"/></Shape>
          
          
          <TextLine ID="r2l1"
                    
                    BASELINE="687 195 1458 185 2402 206" 
                    HPOS="687.0"
                    VPOS="149.0"
                    WIDTH="1715.0"
                    HEIGHT="75.0">
            <Shape><Polygon POINTS="687 213 1458 203 2402 224 2402 170 1458 149 772 156 687 159 687 213"/></Shape>
	    <String CONTENT="raison de ce q led Bourquenei ne lui poyoit "
                    HPOS="687.0"
                    VPOS="149.0"
                    WIDTH="1715.0"
                    HEIGHT="75.0"></String>
          </TextLine>

          
          
          <TextLine ID="r2l2"
                    
                    BASELINE="674 300 1106 278 2058 305 2405 300" 
                    HPOS="674.0"
                    VPOS="256.0"
                    WIDTH="1731.0"
                    HEIGHT="60.0">
            <Shape><Polygon POINTS="674 311 1193 289 2231 316 2405 311 2405 277 2058 282 1020 256 674 277 674 311"/></Shape>
	    <String CONTENT="point une chievre q les chiens dud Bourquenei "
                    HPOS="674.0"
                    VPOS="256.0"
                    WIDTH="1731.0"
                    HEIGHT="60.0"></String>
          </TextLine>

          
          
          <TextLine ID="r2l3"
                    
                    BASELINE="1004 335 1115 326" 
                    HPOS="1004.0"
                    VPOS="304.0"
                    WIDTH="111.0"
                    HEIGHT="42.0">
            <Shape><Polygon POINTS="1004 346 1115 337 1115 304 1004 313 1004 346"/></Shape>
	    <String CONTENT="avoint [le début du mot n&#39;est pas pris et je n&#39;arrive pas à étendre la sélection] "
                    HPOS="1004.0"
                    VPOS="304.0"
                    WIDTH="111.0"
                    HEIGHT="42.0"></String>
          </TextLine>

          
          
          <TextLine ID="r2l4"
                    
                    BASELINE="680 381 1649 366" 
                    HPOS="680.0"
                    VPOS="344.0"
                    WIDTH="969.0"
                    HEIGHT="48.0">
            <Shape><Polygon POINTS="680 392 1649 377 1649 344 680 359 680 392"/></Shape>
	    <String CONTENT="lui avoyent gastei domaige"
                    HPOS="680.0"
                    VPOS="344.0"
                    WIDTH="969.0"
                    HEIGHT="48.0"></String>
          </TextLine>

          
          
          <TextLine ID="r2l5"
                    
                    BASELINE="680 584 1799 555 2402 551" 
                    HPOS="680.0"
                    VPOS="515.0"
                    WIDTH="1722.0"
                    HEIGHT="87.0">
            <Shape><Polygon POINTS="680 602 2402 569 2402 515 680 548 680 602"/></Shape>
	    <String CONTENT="Item confesse avoir encour jecté dud poulsat "
                    HPOS="680.0"
                    VPOS="515.0"
                    WIDTH="1722.0"
                    HEIGHT="87.0"></String>
          </TextLine>

          
          
          <TextLine ID="r2l6"
                    
                    BASELINE="695 666 1202 648 2387 630" 
                    HPOS="695.0"
                    VPOS="594.0"
                    WIDTH="1692.0"
                    HEIGHT="90.0">
            <Shape><Polygon POINTS="695 684 2387 648 2387 594 695 630 695 684"/></Shape>
	    <String CONTENT="sur ung cheval chastré de poil gris questoit "
                    HPOS="695.0"
                    VPOS="594.0"
                    WIDTH="1692.0"
                    HEIGHT="90.0"></String>
          </TextLine>

          
          
          <TextLine ID="r2l7"
                    
                    BASELINE="707 735 1816 728 2414 711" 
                    HPOS="707.0"
                    VPOS="675.0"
                    WIDTH="1707.0"
                    HEIGHT="78.0">
            <Shape><Polygon POINTS="707 753 2243 737 2414 729 2414 675 707 699 707 753"/></Shape>
	    <String CONTENT="a Mori guyon, a raison de ce q led Mori ne lui "
                    HPOS="707.0"
                    VPOS="675.0"
                    WIDTH="1707.0"
                    HEIGHT="78.0"></String>
          </TextLine>

          
          
          <TextLine ID="r2l8"
                    
                    BASELINE="713 816 1910 825 2309 806" 
                    HPOS="713.0"
                    VPOS="770.0"
                    WIDTH="1596.0"
                    HEIGHT="69.0">
            <Shape><Polygon POINTS="713 834 2069 839 2309 824 2309 770 1910 789 713 780 713 834"/></Shape>
	    <String CONTENT="vouloit donner aulcune recompense de la "
                    HPOS="713.0"
                    VPOS="770.0"
                    WIDTH="1596.0"
                    HEIGHT="69.0"></String>
          </TextLine>

          
          
          <TextLine ID="r2l9"
                    
                    BASELINE="684 923 952 915 2027 948 2295 939 2475 921" 
                    HPOS="684.0"
                    VPOS="888.0"
                    WIDTH="1791.0"
                    HEIGHT="74.0">
            <Shape><Polygon POINTS="684 938 952 930 2116 962 2475 936 2475 891 2206 914 1937 918 773 888 684 893 684 938"/></Shape>
	    <String CONTENT="maison qui celui tenoit q meuvoit delle, lequel "
                    HPOS="684.0"
                    VPOS="888.0"
                    WIDTH="1791.0"
                    HEIGHT="74.0"></String>
          </TextLine>

          
          
          <TextLine ID="r2l10"
                    
                    BASELINE="713 983 1046 980" 
                    HPOS="713.0"
                    VPOS="950.0"
                    WIDTH="333.0"
                    HEIGHT="48.0">
            <Shape><Polygon POINTS="713 998 1046 995 1046 950 713 953 713 998"/></Shape>
	    <String CONTENT="en mourut "
                    HPOS="713.0"
                    VPOS="950.0"
                    WIDTH="333.0"
                    HEIGHT="48.0"></String>
          </TextLine>

          
          
          <TextLine ID="r2l11"
                    
                    BASELINE="645 1089 1065 1082 1823 1097 2328 1094" 
                    HPOS="645.0"
                    VPOS="1051.0"
                    WIDTH="1683.0"
                    HEIGHT="63.0">
            <Shape><Polygon POINTS="645 1106 2243 1114 2328 1111 2328 1059 729 1051 645 1054 645 1106"/></Shape>
	    <String CONTENT="Item confesse que led Charbon son mre avoit "
                    HPOS="645.0"
                    VPOS="1051.0"
                    WIDTH="1683.0"
                    HEIGHT="63.0"></String>
          </TextLine>

          
          
          <TextLine ID="r2l12"
                    
                    BASELINE="683 1179 1173 1167 1991 1173 2318 1163" 
                    HPOS="683.0"
                    VPOS="1129.0"
                    WIDTH="1635.0"
                    HEIGHT="67.0">
            <Shape><Polygon POINTS="683 1196 2236 1184 2318 1180 2318 1129 764 1141 683 1145 683 1196"/></Shape>
	    <String CONTENT="les pieds ronds coe une beste. Et que ses "
                    HPOS="683.0"
                    VPOS="1129.0"
                    WIDTH="1635.0"
                    HEIGHT="67.0"></String>
          </TextLine>

          
          
          <TextLine ID="r2l13"
                    
                    BASELINE="687 1269 936 1260 1520 1262" 
                    HPOS="687.0"
                    VPOS="1226.0"
                    WIDTH="833.0"
                    HEIGHT="61.0">
            <Shape><Polygon POINTS="687 1287 1520 1280 1520 1226 687 1233 687 1287"/></Shape>
	    <String CONTENT="habitz estoient de gris "
                    HPOS="687.0"
                    VPOS="1226.0"
                    WIDTH="833.0"
                    HEIGHT="61.0"></String>
          </TextLine>

          
          
          <TextLine ID="r2l14"
                    
                    BASELINE="687 1425 1849 1431 2348 1446" 
                    HPOS="687.0"
                    VPOS="1389.0"
                    WIDTH="1661.0"
                    HEIGHT="75.0">
            <Shape><Polygon POINTS="687 1443 2348 1464 2348 1410 687 1389 687 1443"/></Shape>
	    <String CONTENT="Item confesse quicelle sest treuve au Sabath "
                    HPOS="687.0"
                    VPOS="1389.0"
                    WIDTH="1661.0"
                    HEIGHT="75.0"></String>
          </TextLine>

          
          
          <TextLine ID="r2l15"
                    
                    BASELINE="693 1511 2328 1521" 
                    HPOS="693.0"
                    VPOS="1475.0"
                    WIDTH="1635.0"
                    HEIGHT="64.0">
            <Shape><Polygon POINTS="693 1529 2328 1539 2328 1485 693 1475 693 1529"/></Shape>
	    <String CONTENT="Sur les planches gribolai ☨ Auquel lieu "
                    HPOS="693.0"
                    VPOS="1475.0"
                    WIDTH="1635.0"
                    HEIGHT="64.0"></String>
          </TextLine>

          
          
          <TextLine ID="r2l16"
                    
                    BASELINE="693 1599 2316 1601" 
                    HPOS="693.0"
                    VPOS="1563.0"
                    WIDTH="1623.0"
                    HEIGHT="56.0">
            <Shape><Polygon POINTS="693 1617 2316 1619 2316 1565 693 1563 693 1617"/></Shape>
	    <String CONTENT=" Il y en avoit pluses aultres quelle ne"
                    HPOS="693.0"
                    VPOS="1563.0"
                    WIDTH="1623.0"
                    HEIGHT="56.0"></String>
          </TextLine>

          
          
          <TextLine ID="r2l17"
                    
                    BASELINE="672 1694 2349 1691" 
                    HPOS="672.0"
                    VPOS="1655.0"
                    WIDTH="1677.0"
                    HEIGHT="57.0">
            <Shape><Polygon POINTS="672 1712 2349 1709 2349 1655 672 1658 672 1712"/></Shape>
	    <String CONTENT="cougnoissoit pce quelles estoient masquees. "
                    HPOS="672.0"
                    VPOS="1655.0"
                    WIDTH="1677.0"
                    HEIGHT="57.0"></String>
          </TextLine>

          
        </TextBlock>
        

        
      </PrintSpace>
    </Page>
  </Layout>
</alto>
