2607 3803
96 188 464 64 questoyent sur le

134 257 222 45 grenier

86 506 489 64 xo le Cymetiere de

131 555 306 51 Souharce.

86 1694 426 46 mais ne scait se

95 1751 483 42 Sy celle quest morte

98 1800 456 48 ou non  et ce pce

110 1856 451 43 quelle ne lui avoit

96 1911 438 42 volsus donner des

83 1974 291 48 Blaisons

710 141 1723 89 Jecta dud poulsat sur les porcs Caspar vallat

717 213 1740 94 lesquex en morurent Et ce pource que led Caspar

681 286 843 67 Lacusoit pour des paulx

681 425 1737 82 Confesse avoir jete du poulsat sur lung des chevaulx

707 509 484 34 ches mori guyon

1332 505 1062 57 quen morut que devint gairis lui ayant

687 551 1824 63 oste le mal avec de lerbe et de la terre quelle avoit prins sur xo

687 619 1733 92 Confesse que sont huict ans quil ne la approche

702 691 1749 115 pour ce quelle pourtoit ordinairement aupres delle

681 783 1719 96 du pain benit et de la charitai de pasque et dela

686 830 172 32 Rutte

651 884 1779 138 Et que sond(it) m(ait)re hemerlin La sollicitatt de jecter

638 958 693 71 La lad(ite) charretai

680 1073 1615 124 Dit que sont huict ans que ne lui ayant

671 1157 1555 118 volsus, Jehan du prai aller querir du bois

654 1243 1707 131 quelle avoit jecte dud poulsat sur deux siens

675 1328 228 63 porcs.

668 1438 1711 130 Dit avoir frotte une vergette de la graise Que

689 1528 1680 116 sond mre lui avoit donne et en avoir frappe

657 1604 1760 117 La fille Caspar vallat questoit devenue malade

666 1688 1727 111 Mais quicelle devint guairie avec des cholz que

627 1787 1278 89 lom fust prendre au Curtil delle

630 1927 1686 99 Quelle alloit au rond bois de millandre au

624 2012 1683 83 Sabath et quelle avoit allors sa compagnie

1128 2188 1146 80 Le 19 dud mois du matin sans

1086 2272 809 67 gehenne ni torture.

632 2404 1798 89 Icelle a repete et recognuz les articles cydevant

659 2483 753 66 escriptz sans variat.

1157 2623 655 62 Le 21 dud mois

636 2732 1652 81 Surce que Alix vefve George Rossel lavoit

672 2810 1598 73 accuse destre sa complice et sur les inficiat

657 2891 1554 63 negats dicelle Adelheit icelle fust mis

653 2977 1638 57 a la torture, Ou elle recognut les faitz

644 3046 201 67 pred

633 3124 1767 65 Mais que oncques elle navoit heu complices ni

666 3199 1680 71 compagne sinon son mre et surce sostint

623 3281 897 61 La question constamment.

627 3397 1407 73 Confesse les porcs Guille bel du prai
