2582 3808
1071 126 1386 70 Proces Criminel de Adelheit vefve Borquin

1103 198 1345 73 Betteni de Boncort detenue en prison

1080 287 627 66 pour sortilege

1211 400 694 67 Le 17 de may 1610.

705 488 1704 71 Estant simplement Interrogue sur les faictz dont

741 568 1689 75 elle est accusee Icelle na rien volsus cougnoistre

707 669 1738 79 Sinon quelle confesse avoir heu tire les chievres Jehan

707 747 918 72 Belin sans leur avoir greve

692 844 1683 75 Et confesse quelle fust envoyee a Souarce faire

717 931 1650 64 ung voyaige pour le cheval Mori guyon ou elle

695 1016 1701 69 porta ung estaulx Et raporta de lerbe et de terre

707 1099 1545 73 du Cymetiere duquel Led cheval fust guairis

704 1220 1761 94 Surce lui fust donne terme de sadviser Jusques apres

717 1293 203 79 disne.

1236 1360 449 61 Apres disne

695 1463 1777 70 Estant derechieff interroguee na rien volsus Cougnoistre

756 1536 561 63 Sinon ce q devant.

737 1611 1374 75 Surquoi elle fust condempnee a la torture

1227 1706 375 68 Ou estant

726 1808 1752 64 Elle confessa que sont 12 ans passe que p deux fois

737 1887 1696 63 sestant pnte ung homme a elle proche sa maison

734 1970 1735 71 et de nuit Lui Icelui Lavoit sollicite de se donner

738 2056 1632 69 a lui et quil lui donneroit de largent Surquoy

731 2141 1681 78 a chane desd deux fois, Appelle le nom de Jesus

699 2233 1632 81 Led homme sestoit tousjour treuve esvanouy

680 2375 1720 78 dit que pour la troisieme fois se pntea a elle

713 2466 1657 77 Lui promit de la jamais ne la laisser, et de se

719 2555 1105 60 donner a lui Ce quelle feist.

705 2648 1338 72 Renuncea dieu Cresme et baptesme,

714 2740 1184 72 heust sa compagnie quest froide

713 2846 1761 69 Receut de lui de largent que ne furent que feuilles

719 2951 693 67 Sappelloit hemerlin

708 3036 1266 58 avoit les pied coe de pied de vaches.

683 3142 1681 66 Lui donna du poulsat pEt de la graisse pour

711 3212 932 68 nuire a gens et a bestes

708 3292 1310 87 Pourtoit led poulsat en une bouetate
