2754 3743
432.0 361.0 249.0 187.0 p droit

726.0 245.0 1653.0 95.0 Agatte lavoit engenauche. Dont de telles

777.0 332.0 1716.0 89.0 Injures elle ne sen est jamais volsus venger

746.0 419.0 1579.0 89.0 Et a bien tousjour ouys depuis reputer lad

740.0 508.0 865.0 63.0 Agatte estre genauche.

774.0 632.0 1662.0 68.0 Dit que hier pour le jour estant au moulin dud

767.0 723.0 1572.0 72.0 Beurnevesain, icellui henri vouelin dit en

777.0 815.0 1644.0 68.0 pntce de plusrs quil en feroit a repentir ses

786.0 913.0 1089.0 67.0 freres et quil les tueroit.

800.0 1143.0 1639.0 84.0 Petremand mahon par serement depose Que

792.0 1215.0 1694.0 77.0 par devant le une grande ptie de la Comunaulte

783.0 1295.0 1691.0 87.0 Que hue led henri dit et se declaira quil

789.0 1388.0 1620.0 74.0 se vouloit descharger de ce que sa femme

798.0 1475.0 1629.0 74.0 se declairoit quelle vouloit mectre le feu

786.0 1558.0 1686.0 81.0 en la maison des ses freres Et q elle sestoit

771.0 1666.0 1626.0 55.0 volsus relever pour mectre en execution tel

1399.0 1712.0 149.0 37.0 luy

807.0 1769.0 1629.0 55.0 fait mais q lavoit lavoit empeiche Et

749.0 1847.0 1560.0 84.0 que surce elle avoit dit que ce

774.0 1928.0 1652.0 92.0 sy cela ne se faisoit pour lors quelle

779.0 2039.0 1548.0 71.0 le feroit une aultre fois dont de ce

765.0 2128.0 1097.0 82.0 se vouloit avoir descharge.

743.0 2262.0 1657.0 129.0 Depose en oultre que sont bien vingt ans q la

789.0 2354.0 1545.0 125.0 Comunaulte de Beurnevesain avoyent

797.0 2445.0 1579.0 109.0 ung bergier de Faverois que les servit

764.0 2545.0 1590.0 102.0 trois ans lequel nest disoit que lad

791.0 2638.0 1537.0 102.0 Agatte estoit une genauche, et disoit les

791.0 2728.0 1618.0 92.0 raisons lesquelles deposant a oublier depuis

699.0 2833.0 1590.0 115.0 Dit que Jehan du prai oncle de lad Agatte

780.0 2925.0 1560.0 111.0 sestoit nagueres declaire que les sorcieres

801.0 3017.0 1635.0 96.0 quon avoit Brusle a dele lavoit accuse

776.0 3122.0 676.0 68.0 pour estre telle
