2606 3823
771 142 1689 89 et quelle navoit jamais commis ni perpetres les

797 224 1690 88 actes p elle confesses. Surce lui fust donne

773 309 1552 86 terme jusques apres disne de soi adviser.

1235 416 831 85 Apres disne dud jour

756 517 1667 106 Lad Alix librement au grand poille du chasteau dit

782 594 1689 101 quelle estimoit que entant quelle ne confesseroit

782 663 1713 104 rien quelle eschape seroit renvoye quicte de la

768 722 1592 132 prison Mais quelle sestoit depuis advisee

752 807 1620 125 Et confessoit librement avoir commis lesd

792 892 1643 108 actes lesquelx actes elle declaira derechieff

747 976 1754 96 Lune distinctement Priant quon heust a interce-

758 1052 1669 100 der envers son Excellence quon lui heust a

761 1151 1044 89 pardonner tel meffaict

1199 1274 915 75 Le jeudi 27 dud mois

738 1416 1670 64 Icelle sur plusrs admonestemens a elle faict

767 1489 1735 56 en pntce des Sept hommes de ne soy faire tord

762 1559 1679 65 ni a la justice Icelle recognut tous et chans les

776 1636 1593 62 actes q devant les avoir commis et perpetres

773 1703 619 52 demandant pardon

1103 2016 1045 87 Proces Criminel de Alix vefve

1079 2099 975 71 George Rossel de Boncourt
