2754 3743
1201 250 1214 310 I
1267 251 1673 311 econfessions
1727 253 1795 313 des
1822 255 1985 315 Notes
2038 261 2228 321 Cannes
2268 268 2323 328 et

1172 333 1431 393 voelicz,
1497 334 1718 394 Comme
1765 332 1822 392 et
1861 337 2158 397 pepetre
2215 354 2234 414 p

1191 416 1578 476 Aquelate
1628 416 1801 476 vefve
1861 418 1913 478 de
1983 420 2065 480 feu
2166 427 2430 487 Ehiebanet

1205 492 1445 552 fomment
1510 494 1564 554 de
1618 497 1879 557 Boufelz.
1955 500 2074 560 Par
2129 500 2281 560 elle

1220 568 1574 628 ldrement
1622 575 1870 635 recoguin
1943 577 2015 637 les
2080 577 2120 637 ses
2176 577 2224 637 le

1224 651 1288 711 Et
1340 656 1540 716 dervier
1614 659 1740 719 jour
1794 661 1994 721 daopst
2068 659 2120 719 de
2152 658 2237 718 lain
2289 655 2404 715 puit

1219 732 1361 792 1609

946 871 1373 931 Prtnnerement
1426 875 1670 935 corfesse
1745 878 1766 938 q
1819 880 1947 940 sont
1989 883 2203 943 environ
2256 886 2447 946 quinze

926 955 1041 1015 sons
1119 961 1471 1021 Questant
1524 966 1568 1026 en
1612 969 1691 1029 la
1752 971 1876 1031 ville
1954 974 2008 1034 de
2051 978 2324 1038 Pourrent
2359 984 2429 1044 inco

889 1043 951 1103 et
992 1042 1167 1102 ayant
1249 1043 1322 1103 heu
1394 1049 1661 1109 quelque
1733 1058 2002 1118 parolles
2043 1063 2166 1123 avec
2239 1064 2382 1124 sond

866 1132 1019 1192 marg
1095 1130 1105 1190 A
1183 1131 1379 1191 raison
1444 1134 1597 1194 quilz
1652 1141 1914 1201 estoyent
1958 1145 2252 1205 poursant
2319 1140 2384 1200 de

899 1219 993 1279 leu
1078 1216 1350 1276 Thebault
1424 1222 1780 1282 machangne
1854 1229 2011 1289 pour
2052 1231 2116 1291 des
2168 1228 2377 1288 dpinies

866 1305 996 1365 qquil
1049 1298 1200 1358 avoyt
1265 1298 1330 1358 her
1395 1300 1470 1360 heu
1546 1304 1599 1364 de
1642 1309 1729 1369 lux
1827 1319 2182 1379 Qucelin
2235 1317 2376 1377 sord

857 1395 1023 1455 mary
1074 1387 1278 1447 estant
1329 1387 1545 1447 remupx
1621 1390 1686 1450 de
1737 1392 1800 1452 vin
1877 1398 2094 1458 mousta
2170 1405 2260 1465 sur
2323 1408 2374 1468 se

876 1476 1195 1536 charrete
1256 1474 1309 1534 et
1349 1474 1422 1534 sen
1473 1477 1596 1537 alla
1679 1482 1750 1542 la
1802 1489 2089 1549 laissont
2152 1493 2295 1553 aller

874 1579 1054 1639 seule
1124 1577 1154 1637 a
1214 1579 1344 1639 pred
1424 1580 1484 1640 et
1535 1582 1745 1642 estant
1804 1585 2004 1645 venne
2075 1585 2334 1645 jusques

877 1669 932 1729 au
997 1669 1110 1729 bois
1165 1670 1222 1730 de
1278 1674 1698 1734 Morteveille.
1838 1683 1960 1743 ung
2034 1685 2156 1745 eau
2230 1685 2426 1745 eisme

920 1760 1109 1820 homme
1175 1762 1330 1822 vesta
1397 1762 1452 1822 de
1496 1765 1607 1825 verd
1652 1768 1895 1828 scomme
1951 1773 2040 1833 lug
2084 1779 2306 1839 seubloi
2339 1783 2350 1843 t

901 1861 978 1921 la
1036 1859 1382 1919 surpairla
1468 1861 1526 1921 de
1574 1862 1641 1922 se
1699 1864 1901 1924 donner
1977 1868 1996 1928 a
2036 1870 2141 1930 lug
2209 1875 2276 1935 et

877 1957 998 2017 quil
1075 1954 1142 2014 ne
1185 1954 1263 2014 la
1318 1952 1395 2012 lai
1428 1954 1658 2014 sseroit
1714 1958 1934 2018 jamais
1990 1963 2044 2023 et
2089 1964 2187 2024 lai

874 2056 1197 2116 domneroit
1264 2054 1323 2114 de
1381 2054 1675 2114 largent
1754 2054 1832 2114 Ce
1910 2056 2134 2116 quelle
2203 2059 2359 2119 feist

863 2163 940 2223 Et
1017 2158 1310 2218 benmmter
1388 2159 1612 2219 allors
1700 2164 1806 2224 dieu
1884 2166 1933 2226 Eet
1982 2169 2050 2229 la
2098 2171 2293 2231 vierge

861 2255 1061 2315 mare
1151 2249 1561 2309 Brefmenet
1624 2257 1943 2317 baptesaoe
2052 2264 2106 2324 et
2161 2268 2324 2328 print

864 2352 982 2412 led
1040 2350 1205 2410 vestr
1277 2350 1323 2410 de
1370 2351 1499 2411 vere
1558 2354 1699 2414 pour
1759 2357 1853 2417 son
1923 2362 2041 2422 mre
2124 2366 2359 2426 lequel

866 2447 1045 2507 Disoit
1120 2443 1422 2503 sappeller
1517 2450 1743 2510 fffme
1876 2460 1961 2520 Et
2017 2465 2178 2525 henust
2224 2470 2404 2530 allors

876 2536 1113 2596 Come
1174 2530 1360 2590 depuis
1422 2534 1628 2594 beaulx
1649 2539 1763 2599 cour
1834 2545 1886 2605 de
1938 2548 2030 2608 fois
2071 2550 2081 2610 s
2134 2552 2206 2612 sa

898 2626 1307 2686 compague.
1369 2631 1612 2691 lequel
1685 2636 1780 2696 lux
1832 2640 2000 2700 donna
2063 2644 2116 2704 de
2148 2647 2399 2707 largeat

911 2705 1128 2765 cooine
1174 2707 1241 2767 lu
1325 2713 1588 2773 seubloit
1664 2724 1842 2784 Mas
1899 2733 2078 2793 quant
2134 2736 2181 2796 Il
2237 2738 2369 2798 fust

898 2800 917 2860 d
984 2795 1221 2855 spartis
1316 2797 1477 2857 cene
1535 2802 1658 2862 fit
1715 2808 1810 2868 que
1886 2814 1961 2874 des
2028 2819 2285 2879 fevlles
2333 2820 2399 2880 de

889 2882 1107 2942 chasme
1234 2880 1487 2940 Comne
1555 2890 1739 2950 ausq
1809 2899 1900 2959 lui
1992 2905 2176 2965 donna
2245 2905 2302 2965 du

878 2970 1166 3030 poulsat
1231 2968 1371 3028 pour
1426 2970 1603 3030 faire
1650 2973 1669 3033 a
1724 2977 1948 3037 mourir
2013 2984 2144 3044 bestes
2190 2985 2236 3045 et
2265 2986 2376 3046 gens

877 3062 927 3122 et
967 3061 1038 3121 de
1058 3061 1130 3121 la
1180 3062 1422 3122 graisse
1502 3066 1644 3126 pour
1704 3069 1764 3129 se
1835 3074 2026 3134 froter
2087 3080 2228 3140 pour
2278 3086 2409 3146 aller

873 3145 929 3205 au
1012 3143 1214 3203 Bbutt
