2549 3736
146 735 492 55 + lad Annelon et

179 792 340 58 Led homme

762 237 1548 72 te donnera de largent pour payer lemende

753 316 1476 81 des quatre channes de vin q tu as faut.

753 397 1544 85 Surquoi elle respondit quelle ny voulut

770 497 1563 89 aller. Que son mari nestoit en la maison,

753 587 1442 92 et quil ne vouloit rien faire que p lui

725 667 1579 119 Et sestant deptis  + . Led deposant arriva

750 787 1485 82 bien tost apres en la maison, auquel sad

759 879 1488 82 femme lui compta ce que dessus Et en,

737 972 1509 86 lui racomptant elle devint Impotente

695 1078 1522 90 des bras et des Jambes, de mode qu'il lui

737 1182 1441 88 vindrent tout tord et avoit les mains

734 1288 1441 72 closes quon ne lui pouvoit ouvrir.

712 1382 1465 80 Et estant conseillee de s prendre des

734 1482 1500 124 herbes au curtil de lad Annelon et den

740 1590 1479 89 menger, elle en fust prendre dequoi

747 1698 1584 86 en ayant mange les mains se ouvrirent

722 1831 1591 87 Mais surce elle perdit la parolle, estant

705 1951 1659 76 derechieff conseillee daller prendre de la

752 2068 1576 81 terre desoubs le seuille de la maison de

707 2182 1558 79 Lad Annelin et den menger ; elle Layant

711 2282 1515 78 faict La parolle Lui revint. Mais non

702 2382 1511 95 pourtant lad femme dud deposant est

710 2486 1620 105 tousjour malade. Laquelle mantient q lad

714 2591 1577 93 Annelin lui a donne telle maladie et plus

723 2686 297 76 nen dit.
