2648 3947
815.0 226.0 1668.0 88.0 A quelle occasion lad Annelin fust faschee

827.0 310.0 1671.0 93.0 lors quela f coiffe de la seure Thevnat

128.0 297.0 615.0 75.0 Confesse avoir maudit

162.0 366.0 652.0 67.0 celle que faisoit 20 tord

828.0 388.0 1623.0 98.0 maillat fust perdue, Et sy elle scait rien

185.0 443.0 582.0 50.0 a laultre quelle ne

821.0 478.0 1755.0 87.0 de la maladie dicelle dequoi la mort sen ensuivit

176.0 514.0 561.0 49.0 deust point vivre ung

198.0 579.0 630.0 44.0 an. Et est depuis morte

738.0 656.0 1740.0 117.0 Sy elle scait point qui avoit oste Le laict aux

845.0 742.0 1638.0 108.0 chievres de Nicolas torel et comme le laict

564.0 826.0 96.0 63.0 21

788.0 847.0 624.0 83.0 Leur est revenu.

609.0 944.0 230.0 50.0 Negat

744.0 1072.0 1688.0 142.0 Sy elle scait point qui estoit la cause du laict

803.0 1171.0 1629.0 92.0 des vaches de dedie villain lors quelle lad

812.0 1262.0 1663.0 83.0 Annelin fust au marche avec leur mere,

566.0 1283.0 231.0 75.0 22

833.0 1337.0 1705.0 84.0 et avoit tenu et manie en ses mains lebeurre

605.0 1442.0 255.0 55.0 Negat

778.0 1509.0 1599.0 122.0 Sy elle scait point la cause dela maladie

816.0 1644.0 1656.0 64.0 du cheval dud dedie Lors quelle quil lui

533.0 1691.0 106.0 62.0 23

846.0 1717.0 1487.0 81.0 refusa daller querir une charre de bois

651.0 1808.0 288.0 78.0 Negat

839.0 1953.0 1596.0 56.0 Du cheval mort a Perrin coinson et devenu

830.0 2020.0 1638.0 70.0 malade incontinenti apres que led Perrin

506.0 2059.0 138.0 66.0 24

824.0 2109.0 1731.0 74.0 Lui heust refuse de mener du fumier et quelle

788.0 2194.0 1456.0 79.0 Leust menace quil nen gaingneroit rien.

629.0 2315.0 271.0 74.0 Negat

815.0 2500.0 1582.0 64.0 Quil Maudiroit tant Vernier coinson quille

537.0 2536.0 93.0 66.0 25

810.0 2575.0 912.0 60.0 feroit a seicher sur terre.

791.0 2747.0 1675.0 72.0 Lors quon portoit lenfant vnier coinson pour

828.0 2833.0 1679.0 75.0 baptiser, quelle dit a Belet feme Borcard guenin

819.0 2921.0 1632.0 71.0 qui tient cest enffant quelle respondit bien veoir

495.0 2954.0 159.0 78.0 26.

807.0 3010.0 1686.0 60.0 q surce elle dit quelle feroit le diable que lui deust

825.0 3106.0 1692.0 75.0 tomber sus et sur le pere et sur la mere et sur

764.0 3196.0 1384.0 61.0 Lenfant et sur les parain et maronnes.
