2506 3738
693.0 172.0 1557.0 238.0 Jehan perrin guenin de Courthedoubs Par

765.0 339.0 1632.0 81.0 serement depose, Quil na aulcune mescreance

732.0 429.0 1554.0 84.0 sur lad Annelin. Mais dit quil a bien ouys

749.0 516.0 1399.0 83.0 dire et encrier Lad Annelin pour estre

761.0 612.0 274.0 71.0 sorciere

722.0 782.0 1620.0 96.0 Guilliame perriat, Par serement depose, Que

731.0 866.0 1668.0 99.0 Lad Annelin et sa mere ont quest morte quont

743.0 964.0 1695.0 63.0 heu demeure proche de la maison dud deposant

1635.0 993.0 93.0 69.0 ans

788.0 1037.0 1635.0 83.0 Et sont plus de quinze quicelles se faschoyent

788.0 1122.0 1575.0 95.0 cont deposant et ses gens de sorte que tost

773.0 1218.0 1609.0 98.0 Incontinent Il devint deux chevaulx malades

776.0 1316.0 1509.0 93.0 aud deposant Et estant este deposant

782.0 1410.0 1428.0 93.0 prendre des herbes au Curtil delles

743.0 1487.0 1567.0 113.0 Lung diceulx guerit et laultre mourut

804.0 1584.0 1508.0 117.0 dit quil a perdus beaulxcoup de chevaulx

783.0 1694.0 1520.0 108.0 et avoit deposant opininion q lad Annelin

783.0 1803.0 1404.0 95.0 et sa mere Lui faisoyent a mourir

851.0 1982.0 1375.0 76.0 Dit de plus Les avoir p plusrs fois,

816.0 2066.0 1415.0 91.0 appelle sorciere, sans quicelles sen

801.0 2162.0 839.0 105.0 soyent venge p droit.

741.0 2421.0 1650.0 84.0 Mory vauthier, dud chevene Par serement depose

798.0 2488.0 1538.0 83.0 que lad Annelin a heu espose, le frere de

804.0 2552.0 1512.0 94.0 Lui deposant ; Et quon a tousjour reputee

788.0 2626.0 1542.0 106.0 Icelle Annelin estre une sorciere. Mesme

773.0 2723.0 1605.0 123.0 q lui et sa femme apres quilz avoyent heu

791.0 2817.0 1558.0 116.0 des querelles de propos avec lad Annelin, quilz

800.0 2915.0 1515.0 112.0 sont estes fort malades devenus debilles et

813.0 3011.0 1424.0 106.0 heu des bestiaulx beaulxcoup malades les
