2549 3736
146 735 638 790 + lad Annelon et

179 792 519 849 Led homme

762 237 2310 309 te donnera de largent pour payer lemende

753 316 2229 397 des quatre channes de vin q tu as faut.

753 397 2297 482 Surquoi elle respondit quelle ny voulut

770 497 2333 586 aller. Que son mari nestoit en la maison,

753 589 2195 679 et quil ne vouloit rien faire que p lui

725 667 2304 786 Et sestant deptis  + . Led deposant arriva

750 789 2235 869 bien tost apres en la maison, auquel sad

759 879 2247 961 femme lui compta ce que dessus Et en,

737 972 2246 1058 lui racomptant elle devint Impotente

695 1078 2217 1168 des bras et des Jambes, de mode qu'il lui

737 1183 2178 1269 vindrent tout tord et avoit les mains

734 1290 2175 1360 closes quon ne lui pouvoit ouvrir.

712 1382 2177 1462 Et estant conseillee de s prendre des

734 1482 2234 1606 herbes au curtil de lad Annelon et den

740 1591 2219 1679 menger, elle en fust prendre dequoi

747 1698 2331 1784 en ayant mange les mains se ouvrirent

722 1831 2313 1916 Mais surce elle perdit la parolle, estant

705 1953 2364 2027 derechieff conseillee daller prendre de la

752 2073 2328 2144 terre desoubs le seuille de la maison de

707 2186 2265 2260 Lad Annelin et den menger ; elle Layant

711 2284 2226 2360 faict La parolle Lui revint. Mais non

702 2383 2213 2477 pourtant lad femme dud deposant est

710 2492 2330 2591 tousjour malade. Laquelle mantient q lad

714 2591 2291 2684 Annelin lui a donne telle maladie et plus

723 2686 1020 2762 nen dit.
