2754 3743
1105 184 2366 339 Reconfessions des Actes Crimes et

1124 305 2273 421 delictz Commis et perpetrez p

1127 380 2454 505 Aignelatte vefve de feu Thiebault

1145 458 2310 580 Fouvent de Bonfolz. Par elle

1114 555 2416 651 Librement recognuz les 18 20 26

1155 623 2441 745 et dernier jour daogst de lan pnt

1180 695 1395 814 1609

861 826 2494 970 Premierement confesse q sont environ quinze

852 926 2454 1057 ans Questant en la ville de Pourrentruy

846 1010 2419 1135 et ayant heu quelque parolles avec sond

830 1104 2423 1222 mary A raison quilz estoyent poursuit de

833 1188 2404 1310 feu Thiebault machanguey pour des dixmes

824 1272 2398 1397 quil avoyt Rec heu de luy Quiceluy sond

818 1353 2429 1475 mary estant remply de vin monsta sur sa

827 1437 2351 1568 charrette et sen alla, la laissant aller

830 1547 2354 1668 seule a pied, et estant venue jusques

786 1618 2454 1759 au bois de Morteveille, Ung beau Jeusne

836 1718 2407 1862 homme vestu de verd (comme luy sembloit)

830 1818 2329 1952 la surparla de se donner a luy et

830 1918 2229 2043 quil ne la laisseroit jamais et lui

830 2027 2391 2155 donneroit de largent. Ce quelle feist

808 2127 2366 2242 Et Renuncea allors dieu et la vierge

818 2223 2382 2342 marie Cresme et baptesme, et print

814 2317 2419 2457 led vestu de verd pour son mre. Lequel

830 2411 2426 2548 disoit sappeller Robine Et heust allors

821 2492 2266 2613 Comme depuis beaulxcoup de fois sa

836 2595 2441 2716 compagnie. Lequel luy donna de largent

836 2685 2404 2822 comme lui sembloit Mais quant Il fust

830 2772 2432 2894 dispartis ce ne fut que des feuilles de

833 2850 2332 2978 chasne. Comme aussi lui donna du

833 2938 2404 3066 poulsat pour faire a mourir bestes et gens

833 3019 2444 3178 et de la graisse pour se frotter pour aller

839 3109 1264 3225 au Sabath.
