2642 3818
1158 108 1869 172 Le 19 19 dud mois

668 217 2381 296 Lad Alix estant interrogué dit que sont deux

146 306 423 352 A depuis

756 296 2430 369 ans Que Caspar vallat la vint solliciter daller

170 354 539 415 deculpe led

728 379 2366 463 p ensemble ent nuit et jour derrier chastillion

158 421 590 490 Caspar et dit

747 453 1982 550 ou estant ne treuvarent personne

155 479 615 547 Lui faire tord

180 545 620 618 a raison de ce

170 606 714 676 q led Caspar lavoit

755 637 2417 713 Dit navoir treuver son mre charbon sinon deux

179 675 671 729 accuse de lavoir

743 718 2420 788 fois lune des fois sont 10 ans passes derrier

168 740 569 789 treuve en son

174 797 371 843 curtil

731 798 2447 883 ches elle et lors quelle se donna a lui et quelle

740 883 2475 966 Renuncea dieu, Cresme et baptesme et leur heust

761 967 2424 1050 sa compagnie Et quatre ans apres lors quil

734 1054 2490 1128 Lalla treuver quelle alloit aux au bois es combe

758 1143 2417 1215 combes de vaulx genai Et que pour lors Il estoit

771 1230 2400 1306 vestus de gris Et heust sa compagnie et

752 1327 1977 1392 lui donna derechieff du poulsat

723 1453 2424 1539 Dit nestre este que deux fois derrier chastillion

756 1542 2466 1629 ou estoient la vefve Guenin vne et Adelheit

137 1599 533 1651 les a depuis

729 1629 1424 1702 quest prisonniere

135 1665 443 1723 deculpe

720 1726 2426 1797 Lune des fois y alloyent a pied et laultre des fois

750 1815 1299 1881 sur ung baston

735 1918 2403 1998 Ouquel lieu Il y avoit du feug Et y en avoit

767 2002 1871 2074 plusrs quavoyent des chaperons.

728 2127 2375 2196 Dit que au mesme lieu dud Sabath derrier

765 2217 2487 2277 chastillion estoyent la vefve Pierrat girardat

771 2295 2517 2365 et la femme Nicolas quain questoyent accopagnees

129 2368 554 2430 les a depuis

743 2377 1406 2446 de chacn leur mre

149 2434 479 2507 deculpe.

671 2496 2372 2589 Et que aud lieu estoyent aussi la vouille la

756 2589 2466 2656 bonne femme de Boix et la Phillippe dud lieu

1106 2838 2192 2874 Le 21 dud mois estant

744 2920 2472 3013 derechieff simplement Intterroguee a dit tout

756 3004 2265 3085 entierement mis duny les faictz p elle

786 3090 2355 3171 cy devant escriptz et declaires quelle se

774 3186 1575 3258 faisoit grand tord.

750 3303 2414 3366 Surquoi veu lesd preuves et informats levees
