2582 3808
1071 130 2457 196 Proces Criminel de Adelheit vefve Borquin

1103 199 2448 271 Betteni de Boncort detenue en prison

1080 292 1707 353 pour sortilege

1211 401 1905 467 Le 17 de may 1610.

705 491 2409 559 Estant simplement Interrogue sur les faictz dont

741 568 2430 643 elle est accusee Icelle na rien volsus cougnoistre

707 670 2445 748 Sinon quelle confesse avoir heu tire les chievres Jehan

707 747 1625 819 Belin sans leur avoir greve

692 844 2375 919 Et confesse quelle fust envoyee a Souarce faire

717 931 2367 995 ung voyaige pour le cheval Mori guyon ou elle

695 1018 2396 1082 porta ung estaulx Et raporta de lerbe et de terre

707 1099 2252 1172 du Cymetiere duquel Led cheval fust guairis

704 1223 2465 1314 Surce lui fust donne terme de sadviser Jusques apres

717 1293 920 1372 disne.

1236 1360 1685 1421 Apres disne

695 1468 2472 1532 Estant derechieff interroguee na rien volsus Cougnoistre

756 1536 1317 1599 Sinon ce q devant.

737 1611 2111 1686 Surquoi elle fust condempnee a la torture

1227 1706 1602 1774 Ou estant

726 1808 2478 1871 Elle confessa que sont 12 ans passe que p deux fois

737 1887 2433 1947 sestant pnte ung homme a elle proche sa maison

734 1970 2469 2041 et de nuit Lui Icelui Lavoit sollicite de se donner

738 2056 2370 2125 a lui et quil lui donneroit de largent Surquoy

731 2141 2412 2219 a chane desd deux fois, Appelle le nom de Jesus

699 2236 2331 2314 Led homme sestoit tousjour treuve esvanouy

680 2380 2400 2450 dit que pour la troisieme fois se pntea a elle

713 2468 2370 2540 Lui promit de la jamais ne la laisser, et de se

719 2558 1824 2615 donner a lui Ce quelle feist.

705 2648 2043 2720 Renuncea dieu Cresme et baptesme,

714 2740 1898 2812 heust sa compagnie quest froide

713 2849 2474 2912 Receut de lui de largent que ne furent que feuilles

719 2954 1412 3018 Sappelloit hemerlin

708 3039 1974 3094 avoit les pied coe de pied de vaches.

683 3143 2364 3208 Lui donna du poulsat pEt de la graisse pour

711 3214 1643 3275 nuire a gens et a bestes

708 3292 2018 3376 Pourtoit led poulsat en une bouetate
