2506 3738
693 172 2250 410 Jehan perrin guenin de Courthedoubs Par

765 339 2397 420 serement depose, Quil na aulcune mescreance

732 429 2286 513 sur lad Annelin. Mais dit quil a bien ouys

749 516 2148 599 dire et encrier Lad Annelin pour estre

761 612 1035 683 sorciere

722 782 2342 878 Guilliame perriat, Par serement depose, Que

731 866 2399 965 Lad Annelin et sa mere ont quest morte quont

743 964 2438 1027 heu demeure proche de la maison dud deposant

1635 993 1728 1062 ans

788 1037 2423 1120 Et sont plus de quinze quicelles se faschoyent

788 1122 2363 1217 cont deposant et ses gens de sorte que tost

773 1218 2382 1316 Incontinent Il devint deux chevaulx malades

776 1316 2285 1409 aud deposant Et estant este deposant

782 1410 2210 1503 prendre des herbes au Curtil delles

743 1487 2310 1600 Lung diceulx guerit et laultre mourut

804 1584 2312 1701 dit quil a perdus beaulxcoup de chevaulx

783 1694 2303 1802 et avoit deposant opininion q lad Annelin

783 1803 2187 1898 et sa mere Lui faisoyent a mourir

851 1982 2226 2058 Dit de plus Les avoir p plusrs fois,

816 2066 2231 2157 appelle sorciere, sans quicelles sen

801 2162 1640 2267 soyent venge p droit.

741 2421 2391 2505 Mory vauthier, dud chevene Par serement depose

798 2488 2336 2571 que lad Annelin a heu espose, le frere de

804 2552 2316 2646 Lui deposant ; Et quon a tousjour reputee

788 2626 2330 2732 Icelle Annelin estre une sorciere. Mesme

773 2723 2378 2846 q lui et sa femme apres quilz avoyent heu

791 2817 2349 2933 des querelles de propos avec lad Annelin, quilz

800 2915 2315 3027 sont estes fort malades devenus debilles et

813 3011 2237 3117 heu des bestiaulx beaulxcoup malades les
