2596 3801
1155 116 2070 211 Le 25 dud mois 1610

692 251 2480 341 Lad Adelheit librement recognut les faictz pred

749 334 2436 431 les avoir Commis et perpetres Priant quon lui

728 426 2516 511 heust a faire bonne et brieve justice, Criant

729 507 2433 576 merci a Dieu a mon Seigneur et a la Justice.

1187 626 1811 694 Le 26. dud mois

734 722 2369 788 Elle cougnut derechieff avoir commis lesd actes.

1208 812 1866 880 Le 27 dud mois

737 901 2480 985 En pntce des .7. hommes elle feist le semblable
