2617 4010
429 460 636 551 Anne

351 577 710 696 Boulay

1269 96 1407 178 +

1562 154 2052 226 1603, avril 16

1031 238 2325 338 Information secrete prinse doffice,

1043 336 2405 427 Contre Annelin fille henrisat Boulai

1058 418 2477 508 de Couurthedoubs et vefve de feu Pierrat

1121 514 2478 601 Vauthier dud lieu, ce 16 dapvril 1603.

795 754 2343 851 Jehan villain dud Courthedoubs, Par serement

789 836 2472 946 depose, Que Ilz avoyent p ci devant du bestial

794 925 2313 1021 questoit malade et signament ung juvencel

782 1026 2363 1106 dont estant aux Lovres entre aultres une

780 1119 2309 1202 femme ou fille dit que sil avoyent malle

785 1218 2429 1300 mescreance que les bestes fusent grevees que

800 1315 2477 1408 sil sy elle mouroyent quon debvoit baptre le

833 1429 2462 1499 Ling et quon verroit bien qui auroit causse

791 1516 2496 1613 cela. Et estant led juvencel mort deposant

810 1621 2325 1699 print ung fleau et baptit fort le ling

792 1723 2358 1801 dicelui. Surquoi la feue feme de  Ge

813 1816 2469 1901 Jehan Burin dit que Lad Annelin estoit fort

806 1921 2054 1989 marquee et blessee p le visaige.

801 2121 2391 2224 Claude vefve de feu Jehan maillat jadis Mayre

834 2208 2423 2299 a Courthedoubs depose, Quelle deposante

846 2295 2441 2386 a heu mauvaise opinion depuis quelle a ouys

816 2386 2391 2470 dire que lad Annelin avoit greve a la fille

819 2485 2511 2576 Pierre Broingne. En ce quelle deposante avoit

828 2577 2475 2664 Une fille que devint tout enflee de laquelle

824 2658 2496 2756 elle mourut. Et ce doultant que sad fille

825 2750 2397 2843 avoit perdus sa coiffe aux Lovres et pce

834 2842 2465 2945 quon chargeoit La fille de lad Annelin lavoir

840 2941 2480 3055 cache, deposante dit avoir heu ceste opinion

858 3033 1370 3116 depuis delle.
