2754 3743
749 184 2329 339 Item que sont passe trois sepmaines elle

768 290 2348 436 Jecta dud poulsat sur lung des chevaulx

789 383 2238 527 de Moriqua hennin et aussi le lundi

783 474 2341 605 avant quelle fut prisonniere en avoit

786 564 2348 698 jecte sur une vache estant a Jaicque

786 589 2404 814 maillat mais ne scait sy lesd cheval

786 720 1676 879 et vache en son mort

724 929 2344 1076 Item confesse avoir jecte dud poulsat

774 1038 2379 1172 sur lenfant de Jaicque maillat de sorte

802 1135 2385 1266 quil en est devenu tout debille et malade

727 1225 2232 1363 Lequel mal elle ne lui seroit oster

802 1319 1807 1459 Pour lavoir trop porte

1720 1434 2038 1543 ^ung peu

699 1490 2288 1646 Item confesse quelle meit ^ dud poulsat

612 1581 2360 1749 en une soppe quelle feist a la femme

736 1696 2235 1818 de son filz, et que layant mange

765 1787 2363 1899 Icelle devint fort malade. Et q la

793 1890 2279 2030 Dame de Gallfingen lui a depuis

777 1980 1470 2121 oste le mal.

733 2158 2160 2298 Item de plus confesse que avec dud

658 2252 2332 2395 poulsat elle a faict mourir Borquin

771 2348 2223 2492 filz de Perrin hennin et Richarde sa

808 2451 2338 2604 femme pce quilz avoyent mal ple

768 2545 2391 2685 delle et dit quelle Leur avoit derobe

755 2657 1383 2794 ung fleurie

946 2829 2260 2960 Lad Aignelatte fust le premier de

967 2922 2341 3038 Septembre 1609 condempnee destre

986 3022 2319 3112 Bruslee toute vive mais p grace

996 3075 2291 3209 fust decapitee et desla son corps

1008 3153 1614 3340 jecte au feug
