2570 3863
1040 99 2296 251 Reconfessions des actes crimes et

1037 202 2154 334 delitz # Commis et perpetrez par

1017 289 2373 428 Adelheit vefve Bourquin Betteny

1088 379 2289 515 De Boncourt, selon quicelle les

1069 482 2231 595 a heu recongnus et reconfesses

1053 556 2318 656 Librement, Les 17 : 19. 21. 25 et

1049 624 2103 779 27 de may an présent 1610

743 769 2466 923 Premierement confesse que sont environ douze

743 882 2405 997 ans, que a elle proche sa maison, entre

766 939 2505 1071 jour et nuict, se presenta par deux distinctes

750 1036 2444 1165 fois, Ung homme a elle, la saluant, et

756 1123 2463 1242 Luy demandant ce quelle faisoit, et sy elle

740 1203 2505 1352 se vouloit donner a lui. Quil Lui donneroit

737 1306 2508 1455 de lor et de largent. Et que surce ayant

737 1426 2450 1548 volsus respondre a Icelui, et nommé et

747 1516 2499 1683 appellé Le nom de Jesus, que tel homme

753 1609 2325 1773 sestoit tousjour esvanouy et perdus.

734 1786 2428 1957 Item confesse que par une troisieme fois, ledit

731 1889 2447 2047 homme sestoit derechieff representé a elle

734 1989 2347 2124 Et lavoit sollicité comme devant,

734 2102 2405 2234 de se donner a lui, quil lui donneroi

743 2189 2460 2321 de largent, et lui promectoit de jamais

879 2288 2499 2446 ne la laisser, Ce, a quoi elle consentit

760 2391 1768 2520 et surce se donna a lui

692 2533 2476 2713 Item confesse que ledit homme lui conseilla

682 2636 2431 2787 et persuada de renier Dieu Cresme et

740 2729 2402 2890 baptesme et de le recepvoir lui ledit

747 2836 2399 2987 homme pour son maître Lequel Il

708 2929 2408 3080 disoit sappeller Hämmerlin, Ce que

750 3016 2421 3183 a telle persuasion elle feist. Renia

747 3106 2351 3280 surce dieu, Cresme, et Baptesme et

772 3215 2299 3376 rint ledit hämmerlin pour son maitre.
