2754 3743
48 3515 78 3668 6

270 572 336 722 7

786 179 2418 278 enffans bastien Simon, une jument au voueble

797 287 2328 358 et ung veau au claivier et donne le mal

795 371 1893 428 a Richard chavanne de Cueve.

1188 484 1296 524 fils

758 536 2439 587 Bernard gui Jehan Noel mahon depose avoir

821 607 2417 661 ouys dire en pntce de plusrs Quil avoit oys

801 676 2345 746 aud henri que il se vouloir descharger Que

813 763 2364 832 sa femme estoit resolue et en volonte de

804 843 2415 910 mectre le feu en la maison de ses freres et

794 929 2336 994 que si cela ne se faisoit ceste fois la

797 1013 2438 1080 quelle se feroit une aultre fois. Et quon

795 1099 2496 1175 debvoit faire bon guaict quil sen deschargeoit

771 1190 2397 1256 Et lavoit empeiche p deux ou trois nuit de

785 1283 2480 1343 mectre en execution tel fait et quil navoit

801 1363 2301 1432 point dormis pce quil ne la pouvoit

722 1445 1178 1512 empeicher.

776 1616 2415 1688 Dit quelle est chargee et suspitionnee destre une

803 1698 2367 1757 genauche Et avoir fait a mourir ung veau

828 1758 2421 1833 au tixerain Mesme avoir fait a mourir le

806 1841 2418 1906 fils de Jaicque chevrolet son frere Et avoir

797 1926 2300 1991 greve et fait borne le fils Henri guenat

753 2163 2214 2236 Groz Jehan vouelin frere dud(it) henri vouelin

768 2302 2481 2403 Richard chavanne de Cueve Par serement depose

801 2404 2496 2484 que trois sepmaines apres Pasques passes q deposant

813 2499 2463 2605 sortit de son service de Beurnevesain A raison

807 2587 2469 2695 questant aud Beurnevesain Il devint malade

810 2685 2436 2806 dune Jambe laquelle sest ouverte Et est

813 2778 2358 2895 encore pntement toute noire Et fust

822 2863 2394 2982 remene sur ung cheval dillec en la maison

795 2973 2324 3067 de son frere Estienne A Cueve Ou Il est

798 3072 2370 3162 encore p lui entretenu honestement. Dit

786 3175 2424 3261 q a raison de telle maladie q sond frere

2381 3563 2421 3716 7
