2754 3743
432 361 681 548 p droit

726 245 2379 340 Agatte lavoit engenauche. Dont de telles

777 332 2493 421 Injures elle ne sen est jamais volsus venger

746 419 2325 508 Et a bien tousjour ouys depuis reputer lad

740 508 1605 571 Agatte estre genauche.

774 632 2436 700 Dit que hier pour le jour estant au moulin dud

767 723 2339 795 Beurnevesain, icellui henri vouelin dit en

777 815 2421 883 pntce de plusrs quil en feroit a repentir ses

786 913 1875 980 freres et quil les tueroit.

800 1143 2439 1227 Petremand mahon par serement depose Que

792 1215 2486 1292 par devant le une grande ptie de la Comunaulte

783 1295 2474 1382 Que hue led henri dit et se declaira quil

789 1388 2409 1462 se vouloit descharger de ce que sa femme

798 1475 2427 1549 se declairoit quelle vouloit mectre le feu

786 1558 2472 1639 en la maison des ses freres Et q elle sestoit

771 1666 2397 1721 volsus relever pour mectre en execution tel

1399 1712 1548 1749 luy

807 1769 2436 1824 fait mais q lavoit lavoit empeiche Et

749 1847 2309 1931 que surce elle avoit dit que ce

774 1928 2426 2020 sy cela ne se faisoit pour lors quelle

779 2039 2327 2110 le feroit une aultre fois dont de ce

765 2128 1862 2210 se vouloit avoir descharge.

743 2262 2400 2391 Depose en oultre que sont bien vingt ans q la

789 2354 2334 2479 Comunaulte de Beurnevesain avoyent

797 2445 2376 2554 ung bergier de Faverois que les servit

764 2545 2354 2647 trois ans lequel nest disoit que lad

791 2638 2328 2740 Agatte estoit une genauche, et disoit les

791 2728 2409 2820 raisons lesquelles deposant a oublier depuis

699 2833 2289 2948 Dit que Jehan du prai oncle de lad Agatte

780 2925 2340 3036 sestoit nagueres declaire que les sorcieres

801 3017 2436 3113 quon avoit Brusle a dele lavoit accuse

776 3122 1452 3190 pour estre telle
