<?xml version="1.0" encoding="UTF-8" standalone="yes"?>
<PcGts xmlns="http://schema.primaresearch.org/PAGE/gts/pagecontent/2013-07-15" xmlns:xsi="http://www.w3.org/2001/XMLSchema-instance" xsi:schemaLocation="http://schema.primaresearch.org/PAGE/gts/pagecontent/2019-07-15 http://schema.primaresearch.org/PAGE/gts/pagecontent/2019-07-15/pagecontent.xsd">
    <Metadata>
        <Creator></Creator>
        <Created>2022-03-07T16:35:55.592+01:00</Created>
        <LastChange>2022-03-07T16:35:55.592+01:00</LastChange>
        <Comments>
                Measurement unit: pixel
                PrimaryLanguage: </Comments>
    </Metadata>
    <Page imageFilename="B_168_15-23-5_0002.jpg" imageWidth="2622" imageHeight="3818">
        <PrintSpace>
            <Coords points="0,0 2622,0 2622,3818 0,3818"/>
        </PrintSpace>
        <TextRegion id="r1" custom="readingOrder {index:NaN;}">
            <Coords points="78,1454 78,1577 600,1577 600,1454"/>
            <TextLine id="tl_1" custom="readingOrder {index:0;}">
                <Coords points="77,1453 601,1453 601,1511 77,1511"/>
                <Baseline points="78,1496 260,1500 600,1482"/>
                <Word id="w_1" custom="readingOrder {index:0;}">
                    <Coords points="78.0,1454.0 600,1454.0 600,1510 78.0,1510"/>
                    <TextEquiv>
                        <Unicode> proche du fahie</Unicode>
                    </TextEquiv>
                </Word>
                <TextEquiv>
                    <Unicode> proche du fahie</Unicode>
                </TextEquiv>
            </TextLine>
            <TextLine id="tl_2" custom="readingOrder {index:1;}">
                <Coords points="119,1524 427,1524 427,1574 119,1574"/>
                <Baseline points="120,1559 426,1553"/>
                <Word id="w_2" custom="readingOrder {index:1;}">
                    <Coords points="120.0,1525.0 426,1525.0 426,1573 120.0,1573"/>
                    <TextEquiv>
                        <Unicode>de dele </Unicode>
                    </TextEquiv>
                </Word>
                <TextEquiv>
                    <Unicode>de dele </Unicode>
                </TextEquiv>
            </TextLine>
            <TextEquiv>
                <Unicode> proche du fahie
de dele </Unicode>
            </TextEquiv>
        </TextRegion>
        <TextRegion id="r2" custom="readingOrder {index:NaN;}">
            <Coords points="645,149 645,1712 2475,1712 2475,149"/>
            <TextLine id="tl_3" custom="readingOrder {index:2;}">
                <Coords points="686,148 2403,148 2403,225 686,225"/>
                <Baseline points="687,195 1458,185 2402,206"/>
                <Word id="w_3" custom="readingOrder {index:2;}">
                    <Coords points="687.0,149.0 2402,149.0 2402,224 687.0,224"/>
                    <TextEquiv>
                        <Unicode>raison de ce q led Bourquenei ne lui poyoit </Unicode>
                    </TextEquiv>
                </Word>
                <TextEquiv>
                    <Unicode>raison de ce q led Bourquenei ne lui poyoit </Unicode>
                </TextEquiv>
            </TextLine>
            <TextLine id="tl_4" custom="readingOrder {index:3;}">
                <Coords points="673,255 2406,255 2406,317 673,317"/>
                <Baseline points="674,300 1106,278 2058,305 2405,300"/>
                <Word id="w_4" custom="readingOrder {index:3;}">
                    <Coords points="674.0,256.0 2405,256.0 2405,316 674.0,316"/>
                    <TextEquiv>
                        <Unicode>point une chievre q les chiens dud Bourquenei </Unicode>
                    </TextEquiv>
                </Word>
                <TextEquiv>
                    <Unicode>point une chievre q les chiens dud Bourquenei </Unicode>
                </TextEquiv>
            </TextLine>
            <TextLine id="tl_5" custom="readingOrder {index:4;}">
                <Coords points="1003,303 1116,303 1116,347 1003,347"/>
                <Baseline points="1004,335 1115,326"/>
                <Word id="w_5" custom="readingOrder {index:4;}">
                    <Coords points="1004.0,304.0 1115,304.0 1115,346 1004.0,346"/>
                    <TextEquiv>
                        <Unicode>avoint [le début du mot n'est pas pris et je n'arrive pas à étendre la sélection] </Unicode>
                    </TextEquiv>
                </Word>
                <TextEquiv>
                    <Unicode>avoint [le début du mot n'est pas pris et je n'arrive pas à étendre la sélection] </Unicode>
                </TextEquiv>
            </TextLine>
            <TextLine id="tl_6" custom="readingOrder {index:5;}">
                <Coords points="679,343 1650,343 1650,393 679,393"/>
                <Baseline points="680,381 1649,366"/>
                <Word id="w_6" custom="readingOrder {index:5;}">
                    <Coords points="680.0,344.0 1649,344.0 1649,392 680.0,392"/>
                    <TextEquiv>
                        <Unicode>lui avoyent gastei domaige</Unicode>
                    </TextEquiv>
                </Word>
                <TextEquiv>
                    <Unicode>lui avoyent gastei domaige</Unicode>
                </TextEquiv>
            </TextLine>
            <TextLine id="tl_7" custom="readingOrder {index:6;}">
                <Coords points="679,514 2403,514 2403,603 679,603"/>
                <Baseline points="680,584 1799,555 2402,551"/>
                <Word id="w_7" custom="readingOrder {index:6;}">
                    <Coords points="680.0,515.0 2402,515.0 2402,602 680.0,602"/>
                    <TextEquiv>
                        <Unicode>Item confesse avoir encour jecté dud poulsat </Unicode>
                    </TextEquiv>
                </Word>
                <TextEquiv>
                    <Unicode>Item confesse avoir encour jecté dud poulsat </Unicode>
                </TextEquiv>
            </TextLine>
            <TextLine id="tl_8" custom="readingOrder {index:7;}">
                <Coords points="694,593 2388,593 2388,685 694,685"/>
                <Baseline points="695,666 1202,648 2387,630"/>
                <Word id="w_8" custom="readingOrder {index:7;}">
                    <Coords points="695.0,594.0 2387,594.0 2387,684 695.0,684"/>
                    <TextEquiv>
                        <Unicode>sur ung cheval chastré de poil gris questoit </Unicode>
                    </TextEquiv>
                </Word>
                <TextEquiv>
                    <Unicode>sur ung cheval chastré de poil gris questoit </Unicode>
                </TextEquiv>
            </TextLine>
            <TextLine id="tl_9" custom="readingOrder {index:8;}">
                <Coords points="706,674 2415,674 2415,754 706,754"/>
                <Baseline points="707,735 1816,728 2414,711"/>
                <Word id="w_9" custom="readingOrder {index:8;}">
                    <Coords points="707.0,675.0 2414,675.0 2414,753 707.0,753"/>
                    <TextEquiv>
                        <Unicode>a Mori guyon, a raison de ce q led Mori ne lui </Unicode>
                    </TextEquiv>
                </Word>
                <TextEquiv>
                    <Unicode>a Mori guyon, a raison de ce q led Mori ne lui </Unicode>
                </TextEquiv>
            </TextLine>
            <TextLine id="tl_10" custom="readingOrder {index:9;}">
                <Coords points="712,769 2310,769 2310,840 712,840"/>
                <Baseline points="713,816 1910,825 2309,806"/>
                <Word id="w_10" custom="readingOrder {index:9;}">
                    <Coords points="713.0,770.0 2309,770.0 2309,839 713.0,839"/>
                    <TextEquiv>
                        <Unicode>vouloit donner aulcune recompense de la </Unicode>
                    </TextEquiv>
                </Word>
                <TextEquiv>
                    <Unicode>vouloit donner aulcune recompense de la </Unicode>
                </TextEquiv>
            </TextLine>
            <TextLine id="tl_11" custom="readingOrder {index:10;}">
                <Coords points="683,887 2476,887 2476,963 683,963"/>
                <Baseline points="684,923 952,915 2027,948 2295,939 2475,921"/>
                <Word id="w_11" custom="readingOrder {index:10;}">
                    <Coords points="684.0,888.0 2475,888.0 2475,962 684.0,962"/>
                    <TextEquiv>
                        <Unicode>maison qui celui tenoit q meuvoit delle, lequel </Unicode>
                    </TextEquiv>
                </Word>
                <TextEquiv>
                    <Unicode>maison qui celui tenoit q meuvoit delle, lequel </Unicode>
                </TextEquiv>
            </TextLine>
            <TextLine id="tl_12" custom="readingOrder {index:11;}">
                <Coords points="712,949 1047,949 1047,999 712,999"/>
                <Baseline points="713,983 1046,980"/>
                <Word id="w_12" custom="readingOrder {index:11;}">
                    <Coords points="713.0,950.0 1046,950.0 1046,998 713.0,998"/>
                    <TextEquiv>
                        <Unicode>en mourut </Unicode>
                    </TextEquiv>
                </Word>
                <TextEquiv>
                    <Unicode>en mourut </Unicode>
                </TextEquiv>
            </TextLine>
            <TextLine id="tl_13" custom="readingOrder {index:12;}">
                <Coords points="644,1050 2329,1050 2329,1115 644,1115"/>
                <Baseline points="645,1089 1065,1082 1823,1097 2328,1094"/>
                <Word id="w_13" custom="readingOrder {index:12;}">
                    <Coords points="645.0,1051.0 2328,1051.0 2328,1114 645.0,1114"/>
                    <TextEquiv>
                        <Unicode>Item confesse que led Charbon son mre avoit </Unicode>
                    </TextEquiv>
                </Word>
                <TextEquiv>
                    <Unicode>Item confesse que led Charbon son mre avoit </Unicode>
                </TextEquiv>
            </TextLine>
            <TextLine id="tl_14" custom="readingOrder {index:13;}">
                <Coords points="682,1128 2319,1128 2319,1197 682,1197"/>
                <Baseline points="683,1179 1173,1167 1991,1173 2318,1163"/>
                <Word id="w_14" custom="readingOrder {index:13;}">
                    <Coords points="683.0,1129.0 2318,1129.0 2318,1196 683.0,1196"/>
                    <TextEquiv>
                        <Unicode>les pieds ronds coe une beste. Et que ses </Unicode>
                    </TextEquiv>
                </Word>
                <TextEquiv>
                    <Unicode>les pieds ronds coe une beste. Et que ses </Unicode>
                </TextEquiv>
            </TextLine>
            <TextLine id="tl_15" custom="readingOrder {index:14;}">
                <Coords points="686,1225 1521,1225 1521,1288 686,1288"/>
                <Baseline points="687,1269 936,1260 1520,1262"/>
                <Word id="w_15" custom="readingOrder {index:14;}">
                    <Coords points="687.0,1226.0 1520,1226.0 1520,1287 687.0,1287"/>
                    <TextEquiv>
                        <Unicode>habitz estoient de gris </Unicode>
                    </TextEquiv>
                </Word>
                <TextEquiv>
                    <Unicode>habitz estoient de gris </Unicode>
                </TextEquiv>
            </TextLine>
            <TextLine id="tl_16" custom="readingOrder {index:15;}">
                <Coords points="686,1388 2349,1388 2349,1465 686,1465"/>
                <Baseline points="687,1425 1849,1431 2348,1446"/>
                <Word id="w_16" custom="readingOrder {index:15;}">
                    <Coords points="687.0,1389.0 2348,1389.0 2348,1464 687.0,1464"/>
                    <TextEquiv>
                        <Unicode>Item confesse quicelle sest treuve au Sabath </Unicode>
                    </TextEquiv>
                </Word>
                <TextEquiv>
                    <Unicode>Item confesse quicelle sest treuve au Sabath </Unicode>
                </TextEquiv>
            </TextLine>
            <TextLine id="tl_17" custom="readingOrder {index:16;}">
                <Coords points="692,1474 2329,1474 2329,1540 692,1540"/>
                <Baseline points="693,1511 2328,1521"/>
                <Word id="w_17" custom="readingOrder {index:16;}">
                    <Coords points="693.0,1475.0 2328,1475.0 2328,1539 693.0,1539"/>
                    <TextEquiv>
                        <Unicode>Sur les planches gribolai ☨ Auquel lieu </Unicode>
                    </TextEquiv>
                </Word>
                <TextEquiv>
                    <Unicode>Sur les planches gribolai ☨ Auquel lieu </Unicode>
                </TextEquiv>
            </TextLine>
            <TextLine id="tl_18" custom="readingOrder {index:17;}">
                <Coords points="692,1562 2317,1562 2317,1620 692,1620"/>
                <Baseline points="693,1599 2316,1601"/>
                <Word id="w_18" custom="readingOrder {index:17;}">
                    <Coords points="693.0,1563.0 2316,1563.0 2316,1619 693.0,1619"/>
                    <TextEquiv>
                        <Unicode> Il y en avoit pluses aultres quelle ne</Unicode>
                    </TextEquiv>
                </Word>
                <TextEquiv>
                    <Unicode> Il y en avoit pluses aultres quelle ne</Unicode>
                </TextEquiv>
            </TextLine>
            <TextLine id="tl_19" custom="readingOrder {index:18;}">
                <Coords points="671,1654 2350,1654 2350,1713 671,1713"/>
                <Baseline points="672,1694 2349,1691"/>
                <Word id="w_19" custom="readingOrder {index:18;}">
                    <Coords points="672.0,1655.0 2349,1655.0 2349,1712 672.0,1712"/>
                    <TextEquiv>
                        <Unicode>cougnoissoit pce quelles estoient masquees. </Unicode>
                    </TextEquiv>
                </Word>
                <TextEquiv>
                    <Unicode>cougnoissoit pce quelles estoient masquees. </Unicode>
                </TextEquiv>
            </TextLine>
            <TextEquiv>
                <Unicode>raison de ce q led Bourquenei ne lui poyoit 
point une chievre q les chiens dud Bourquenei 
avoint [le début du mot n'est pas pris et je n'arrive pas à étendre la sélection] 
lui avoyent gastei domaige
Item confesse avoir encour jecté dud poulsat 
sur ung cheval chastré de poil gris questoit 
a Mori guyon, a raison de ce q led Mori ne lui 
vouloit donner aulcune recompense de la 
maison qui celui tenoit q meuvoit delle, lequel 
en mourut 
Item confesse que led Charbon son mre avoit 
les pieds ronds coe une beste. Et que ses 
habitz estoient de gris 
Item confesse quicelle sest treuve au Sabath 
Sur les planches gribolai ☨ Auquel lieu 
 Il y en avoit pluses aultres quelle ne
cougnoissoit pce quelles estoient masquees. </Unicode>
            </TextEquiv>
        </TextRegion>
    </Page>
</PcGts>
