2544 3751
552 227 2384 384 Vernier perrial dud Courthedoubs par serment

780 356 2355 452 a depose Que deposant avoit la fille de

752 438 2252 563 Pierre Broingne pour servande Laquelle

749 495 2246 622 estant alle au Louvre, fust frappee p lad

676 606 974 720 Annelin

678 590 2357 712 Lucie laquelle servande depuis vint inpotente

761 688 2252 809 et disoit Lad servande q telle maladie

683 767 2294 885 Lui estoit derivee du coup quelle avoit receu

753 859 2297 958 de lad Luc Annelin. Et dit encore

753 931 2262 1070 tousjour ouys dire q lad Annelin estoit une

722 1067 1055 1165 sorciere

675 1287 2340 1516 Henri Coinson dudi Courthedoubs depose que

700 1405 2262 1494 Lui deposant avoit ung enffant q devint

737 1490 2370 1594 malade et layant interrogue dou venoit ceste

719 1560 2294 1672 maladie respondit que sestoit Annelin q

687 1661 2255 1777 Lavoit frappe, et depuis sestant estoit

749 1740 2338 1904 revenue en quelque peu de convalescence

740 1843 1442 1951 morut tos apres.

1745 1876 1908 1938 de lui

653 1952 2346 2061 Dit q de plus que la femme du deposant p

658 2007 2318 2138 une fois estant en son curtil travaillant

735 2091 2376 2220 lad Annelin la rescria quelle travaillioit

744 2175 2333 2327 bien a la certer  Et le soir dud jour venu

651 2272 2340 2427 Lad femme dud deposant vint malade Et

744 2390 2274 2523 ayant deposant Interrogue sad femme

686 2480 2277 2610 dou procedoit telle maladie, elle respondit

726 2582 2255 2738 quelle avoit opinion q lad Annelin lui

762 2685 2285 2811 avoit donne lad maladie, de laquelle

734 2738 2188 2897 environ quinze jours apres elle morut.

557 2865 2369 2982 Dit de plus q la maison, et vergier de lad Annelin

720 2979 2360 3080 est proche de celle du deposant. Et avoir veu

726 3030 2340 3168 en hiver lors des neiges des passees comme
