2754 3743
231 216 696 274 Marguerite fille

246 272 722 337 Anthoine musat de

240 339 624 400 La Rouge terre

224 413 750 466 La chambeliere velt

246 480 366 526 Riter

218 532 782 588 Claudine de Froide-

248 602 417 647 vaulx

1103 199 1899 276 Du 12 daougst 1609

993 318 2396 396 Informats prinse doffice Cont Agatte

1004 401 2397 476 femme de henri vouelin de Beurnevesain

1020 470 2397 542 Sur les faiclz dont Il est accusee de vouloir

1026 539 2421 606 mectre le feu es maisons des freres de son

1029 608 1199 658 ‸ mari

1353 753 1635 852 ‸ son mari

755 819 2294 924 Led henri vouelin [même signe ut supra!] a librement en pntce des

812 939 2339 999 tesmoings suigvans declaire q sad femme

800 1015 2276 1078 avoit p plusrs et reyterees fois dit quelle

2324 1081 2396 1111 lui

788 1120 2399 1164 mectroit le feu es maisons des freres de sond

817 1189 2430 1250 mari. Et quelle sestoit p deux ou trois Nuit

794 1266 2322 1359 voulsus relever pour mectre en execution

815 1356 2217 1444 telle entreprinse ne fust este q lui

806 1452 2337 1546 lempescha Et ce a raison de ce q lesd

816 1544 2364 1635 ses freres (coe elle disoit) la chargeoyent

821 1650 1145 1711 dinjure.

805 1819 2304 1932 Jehan perrin Girard voueble de Beurnevesain

825 1929 2355 2001 depose Quil y a environ quinze ans Que

825 2009 2286 2064 lad Agatte est chargee dune destre une

762 2086 2415 2197 sorciere. Et dit que ayant ung serviteur

851 2170 2370 2248 que chassoit des chevaux p decoste Le Curtil

845 2254 2325 2328 dicelle, quicelle champat quelque chose

808 2341 2247 2453 dont lung de ses plus beaulx chevaulx

1924 2433 2121 2466 jument

797 2428 2406 2536 devint a contreti. Laquelle ^ depuis fust

825 2518 2322 2647 medicine p ung vacheron q declaira q

843 2613 2448 2722 lad jument estoit ?? grevee et laquelle mourut

741 2712 2331 2821 Dit de plus q la femme Jehan muat

828 2800 2349 2897 monstra aud Henri voelin un veau

1888 2893 2088 2925 celle

819 2904 2379 2968 ou y estant lad Agatte laquelle frappa

831 2980 2313 3066 led veau dune vergette q incontinent led

760 3069 2388 3160 veau vint accoutrety et morut Et disoit

771 3166 2339 3249 Lad femme dud muat ouvertement q lad
