2754 3743
783 165 2441 327 Item confesse quicelle avec Agathe femme

768 274 2363 408 de Henry Vouelin de Beurnevesain elle

793 349 2341 495 a este au Sabath tant sur les planches

824 436 2438 583 de Rechesir q au Bois de morteveille avec

768 533 1139 626 daultres

740 605 2335 764 Item confesse q avec la susd Agatte et

755 701 2357 839 daultres femmes elle a aide asista a faire

774 804 1508 938 de la grelle.

727 923 2326 1097 Item confesse quelle estoit p une fois en

733 1026 2313 1175 volonte de Jecter dud poulsat sur la

774 1107 2366 1269 proye des vaches affin de les faire a

755 1200 2385 1369 mourir ^ et que un rain luy attaingnit

761 1310 2357 1456 Le bras, de sorte que sond poulsat

730 1409 2120 1553 tomba p terre sans rien effectuer

758 1590 2326 1721 De plus confesse que avec led poulsat

821 1681 2391 1802 en ayant jecte sur les bestes suigvantes

805 1768 2313 1890 les en a faict a mourir Et ce p le

814 1862 2241 1993 commandement de sond mre Robine

777 2002 2344 2133 A scavoir a eulx mesme en leur propre

830 2102 2404 2236 maison Trois chievres et deux chevaulx

774 2205 1782 2345 A Jehan Corbat ung cheval

793 2323 1951 2476 Au Petit castrolz ung cheval

805 2448 2035 2588 A Estaise du haulst ung cheval

789 2582 2354 2694 A Gaidance ung cheval que fut le

830 2663 2507 2810 premier surquoy elle essaya Led poulsat

796 2788 2316 2916 A Mory des chaisnes dit Guenin Corbat

765 2891 1673 3013 une vache et ung vel

783 2981 1992 3156 A Mory gaiberois une vache

2351 3465 2376 3580 2
