2648 3947
815 226 2483 314 A quelle occasion lad Annelin fust faschee

827 310 2498 403 lors quela f coiffe de la seure Thevnat

128 297 743 372 Confesse avoir maudit

162 366 814 433 celle que faisoit 20 tord

828 388 2451 486 maillat fust perdue, Et sy elle scait rien

185 443 767 493 a laultre quelle ne

821 478 2576 565 de la maladie dicelle dequoi la mort sen ensuivit

176 514 737 563 deust point vivre ung

198 579 828 623 an. Et est depuis morte

738 656 2478 773 Sy elle scait point qui avoit oste Le laict aux

845 742 2483 850 chievres de Nicolas torel et comme le laict

564 826 660 889 21

788 847 1412 930 Leur est revenu.

609 944 839 994 Negat

744 1072 2432 1214 Sy elle scait point qui estoit la cause du laict

803 1171 2432 1263 des vaches de dedie villain lors quelle lad

812 1262 2475 1345 Annelin fust au marche avec leur mere,

566 1283 797 1358 22

833 1337 2538 1421 et avoit tenu et manie en ses mains lebeurre

605 1442 860 1497 Negat

778 1509 2377 1631 Sy elle scait point la cause dela maladie

816 1644 2472 1708 du cheval dud dedie Lors quelle quil lui

533 1691 639 1753 23

846 1717 2333 1798 refusa daller querir une charre de bois

651 1808 939 1886 Negat

839 1953 2435 2009 Du cheval mort a Perrin coinson et devenu

830 2020 2468 2090 malade incontinenti apres que led Perrin

506 2059 644 2125 24

824 2109 2555 2183 Lui heust refuse de mener du fumier et quelle

788 2194 2244 2273 Leust menace quil nen gaingneroit rien.

629 2315 900 2389 Negat

815 2500 2397 2564 Quil Maudiroit tant Vernier coinson quille

537 2536 630 2602 25

810 2575 1722 2635 feroit a seicher sur terre.

791 2747 2466 2819 Lors quon portoit lenfant vnier coinson pour

828 2833 2507 2908 baptiser, quelle dit a Belet feme Borcard guenin

819 2921 2451 2992 qui tient cest enffant quelle respondit bien veoir

495 2954 654 3032 26.

807 3010 2493 3070 q surce elle dit quelle feroit le diable que lui deust

825 3106 2517 3181 tomber sus et sur le pere et sur la mere et sur

764 3196 2148 3257 Lenfant et sur les parain et maronnes.
