2754 3743
198 420 610 584 + de Cueve

210 659 276 809 3

222 1966 638 2155 p sorcelerie

243 2291 363 2449 4.

728 202 2307 286 Dit de plus Quelle mesme ne se donne

777 288 2457 366 point de peine encour quon lapelle telle genauche

744 390 2421 501 dit quon la suspitionne davoir greve a Richard

798 483 2436 586 chavanne + que demeuroit lors a Beurnevesain

741 629 2364 771 Estienne girard dud Beurnevesain depose

777 738 2421 852 q led henri se declaira que Il avoit empeche

770 840 2346 932 p deux fois sa femme questoit e volonte

765 929 2331 1009 daller mectre le feug en la maison de ses

797 1010 1044 1075 freres

810 1127 2502 1230 Depose en oultre Avoir ouys dire souventesfois

800 1209 2373 1296 que lon chargeoit et suspicionoit lad Agatte

789 1298 2331 1383 destre une genauche et sorciere, Et quelle

810 1383 2277 1467 avoit faict mourir ung veau a Jehan

788 1467 2256 1557 muat. Plus avoit grevé une jument

786 1554 2352 1665 au voueble Et donne le mal a Richard

804 1645 2363 1745 chavanne de Cueve Et qune femme de

734 1717 2325 1881 galfinguen laccusoit de ce fait Et de

786 1837 2403 1917 mesme quelle et une noe morise vefve

774 1920 2463 2015 de henri Jehan guenat avoyent traict et tirez

676 2005 2337 2109 Les e yeulx a lenfant de henri Jehan

815 2096 2393 2189 guenat Et estre reputee pour genauche

797 2185 1262 2253 comunement.

731 2299 2418 2443 Jehan perrin mahon depose du feug nen rien

818 2431 1824 2493 scavoir sinon q p ouys dire

774 2521 2382 2606 De laultre faict de genaucherie dit avoir

801 2603 2412 2698 ouys apppeller genauche comunement a lad

789 2693 2403 2779 Agatte Et quelle estoit accusee davoir

787 2783 2322 2889 greve les lenffant de henri guenat lui

831 2887 2391 2966 avoit tire les yeulx, avoit fait mourir

733 2957 2313 3035 ung veau au clavier et une jument

807 3058 2316 3113 au voueble ; Et avoit donne le mal a ung

815 3145 2420 3190 noe Richard chavanne de Cueve duquel Il estoit

830 3192 1608 3232 encour ptement malade

809 3259 2243 3333 Dit q led henri la menace de le faire a

801 3343 2345 3415 repentir de ce q sa femme estoit en prison

2358 3564 2400 3636 5
