2746 3743
449 391 780 525 agathe

440 467 716 600 voelin

234 3046 654 3103 + aiguelatte

296 3103 749 3169 vefve Thiebault

254 3174 585 3236 fouvent et

1434 152 2424 204 + 1609. 17. aug et seqq

1046 189 2408 310 Reconfessions des actes Crimes et delictz

1110 331 2469 383 commis et perpetrez p Agatte femme

1104 415 2340 472 de henry vouelin de Beurnevesain

1069 503 2434 601 p elle recognus les 17-20-26 daougst

1136 573 2396 630 et dernier daougst de lan pnt 1609.

816 726 2348 862 Premierement confesse questant faschee avec

821 824 2447 908 les freres de son mari, quelle a estee en volonte

803 898 2324 1011 p deux ou trois soir de se relever de son lict

839 987 2366 1084 pour aller ? mectre le feug en la maison

824 1078 2327 1163 desd freres de sond mary ne fust esté q

822 1176 2423 1247 sond mary lan a enpeiche Parce quiceulx

833 1247 1616 1308 la chargeoyent dinjure.

740 1345 2313 1482 Item confesse que sont environ dix ans

823 1458 2478 1549 que au Bolz de Rechesie elle fust sollicitee

828 1536 2453 1623 de lennemy questoit en forme dhomme vestu

798 1618 2465 1721 de grys, que sappelloit grappin, de se donner

816 1697 2429 1777 a luy avec promesse quil lui donneroit

809 1776 2346 1864 de largent et quelle nauroit Jamais

822 1846 2367 1958 de rien faulte. Et le soir du mesme

836 1936 2436 2052 jour led Grappin se treuva derrier leur

831 2022 2424 2114 maison et sur telle sollicitation q devant

787 2097 2360 2209 Lad Agatte se donna a lui. Et surce

839 2187 2255 2283 Renuncer Dieu et la Vierge marie

824 2269 2324 2356 Cresme et baptesme. Et instaument

749 2356 2357 2462 Luy donna de largent. Et heust aussy

809 2445 2276 2527 in sa compagnie. Puis lui donna

807 2520 2357 2604 du poulsat et de la gresse pour nuire

810 2599 2219 2729 a gens et bestes. Et quant led mre

795 2688 2291 2845 grappin fust depti, led argent fut

846 2781 2078 2858 converty en feuilles de chesnes.

766 2889 2252 3012 Item confessa que p plusrs fois lad

822 2959 2346 3062 agatte a estee au Sabath avec + daultres

828 3078 2357 3150 sur les planches de Rechesie. Et es planches de

819 3153 1644 3238 Bonfolz dit en Borel.

1424 3520 1533 3598 4

2346 3553 2385 3617 1
