2606 3823
752 105 2494 238 et quelle navoit jamais commis ni perpetres les

778 197 2500 315 actes p elle confesses. Surce lui fust donne

759 277 2328 417 terme jusques apres disne de soi adviser.

1202 382 2076 525 Apres disne dud jour

733 477 2468 618 Lad Alix librement au grand poille du chasteau dit

755 560 2494 700 quelle estimoit que entant quelle ne confesseroit

746 624 2507 777 rien quelle eschape seroit renvoye quicte de la

759 694 2373 847 prison Mais quelle sestoit depuis advisee

749 774 2462 930 Et confessoit librement avoir commis lesd

759 860 2446 1006 actes lesquelx actes elle declaira derechieff

794 939 2507 1079 Lune distinctement Priant quon heust a interce-

730 1016 2433 1169 der envers son Excellence quon lui heust a

743 1111 1818 1255 pardonner tel meffaict

1177 1232 2111 1379 Le jeudi 27 dud mois

720 1366 2446 1487 Icelle sur plusrs admonestemens a elle faict

746 1449 2516 1567 en pntce des Sept hommes de ne soy faire tord

746 1529 2459 1637 ni a la justice Icelle recognut tous et chans les

755 1592 2376 1713 actes q devant les avoir commis et perpetre

759 1656 1374 1787 demandant pardon

1071 1940 2140 2102 Proces Criminel de Alix vefve

1068 2051 2050 2233 George Rossel de Boncourt
