2643 3812
165 1771 548 1927 La deculpe

1479 2175 2388 2242 Des actes crimes et delictz de

1551 2245 2391 2327 Sortilege de Alix vefve

1551 2335 2477 2399 George Rossel de Boncourt

713 159 2406 232 doffice se rencontrant du tout semblable a

741 244 2535 325 ceuqlle avoit confessee Icelle fust condempne

741 339 1992 409 destre aplicque a la torture.

726 490 2433 575 Ou estant recougnut entierement questoient

759 580 2418 661 10 ans quelle avoit renunce dieu Cresme et

756 657 1095 727 baptesme

735 748 1815 820 Sestoit donne a son mre charbon

744 833 1857 906 Avoit heu sa compagnie froide

743 923 2075 994 Quil avoit les pied Rond coe une beste

746 1013 1665 1075 Quil estoit vestus de gris

729 1097 2417 1199 Quil lui avoit donne des feuilles pour delargent

740 1202 1820 1282 Quil avoit receu du poulsat

740 1299 2411 1386 Et en avoit jectes sur les 2 chevaulx et la vache

750 1365 1010 1441 pred

771 1478 2523 1550 Quelle sestoit treuve au Sabath Sur les planches

774 1559 2129 1634 Gribolai vers le fahir de dele O

768 1666 2537 1745 Quilec Il y en avoit plusrs questoient masquees

756 1780 2391 1847 Quilec elle cougnut la voirade femme de

797 1855 1955 1928 Pierrat fongaibe de dele.

1122 2029 1908 2067 Le 25 dud mois 1610

749 2135 2451 2206 Lad Alix librement ayant nye les faictz pred

758 2217 2423 2293 et declaire quelle se faisoit tord ainsy que lon

758 2300 2535 2385 la conduisoit en prison au lieu ou au paravant

767 2387 2361 2465 elle avoit este Icelle dit que lon la debvoit

768 2462 2561 2556 remener vers les srs officiers quelle se vouloit descharger

731 2560 2379 2649 Et estant enmy la court du chasteau icelle dit

762 2631 2478 2733 que vroyement elle avoit commis et perpertres

765 2720 2550 2821 les actes et crimes p elle confessee Criant a dieu

759 2807 2499 2891 merci et a monsr le priant de lui vouloir faire

753 2885 2394 2974 grace Et estoient pnts mesrs Balthasar

749 2966 1692 3025 Reitner, Marrel et je.

1208 3085 1859 3163 Le 26. dud mois

740 3174 2432 3247 Lad Alix estant derechieff examinee le matin dud

738 3258 2400 3321 jour Icelle dit quelle se faisoit grand tord
