<?xml version="1.0" encoding="UTF-8" standalone="yes"?>
<PcGts xmlns="http://schema.primaresearch.org/PAGE/gts/pagecontent/2013-07-15" xmlns:xsi="http://www.w3.org/2001/XMLSchema-instance" xsi:schemaLocation="http://schema.primaresearch.org/PAGE/gts/pagecontent/2019-07-15 http://schema.primaresearch.org/PAGE/gts/pagecontent/2019-07-15/pagecontent.xsd">
    <Metadata>
        <Creator></Creator>
        <Created>2022-03-07T16:35:52.348+01:00</Created>
        <LastChange>2022-03-07T16:35:52.348+01:00</LastChange>
        <Comments>
                Measurement unit: pixel
                PrimaryLanguage: </Comments>
    </Metadata>
    <Page imageFilename="B_168_15-2-4_0001.jpg" imageWidth="2643" imageHeight="3968">
        <PrintSpace>
            <Coords points="0,0 2643,0 2643,3968 0,3968"/>
        </PrintSpace>
        <TextRegion id="r1" custom="readingOrder {index:NaN;}">
            <Coords points="270,251 270,884 702,884 702,251"/>
            <TextLine id="tl_1" custom="readingOrder {index:0;}">
                <Coords points="301,641 615,641 615,747 301,747"/>
                <Baseline points="302,702 614,716"/>
                <Word id="w_1" custom="readingOrder {index:0;}">
                    <Coords points="302.0,642.0 614,642.0 614,746 302.0,746"/>
                    <TextEquiv>
                        <Unicode>Anne</Unicode>
                    </TextEquiv>
                </Word>
                <TextEquiv>
                    <Unicode>Anne</Unicode>
                </TextEquiv>
            </TextLine>
            <TextLine id="tl_2" custom="readingOrder {index:1;}">
                <Coords points="269,769 703,769 703,885 269,885"/>
                <Baseline points="270,854 702,831"/>
                <Word id="w_2" custom="readingOrder {index:1;}">
                    <Coords points="270.0,770.0 702,770.0 702,884 270.0,884"/>
                    <TextEquiv>
                        <Unicode>vauthier</Unicode>
                    </TextEquiv>
                </Word>
                <TextEquiv>
                    <Unicode>vauthier</Unicode>
                </TextEquiv>
            </TextLine>
            <TextEquiv>
                <Unicode>Anne
vauthier</Unicode>
            </TextEquiv>
        </TextRegion>
        <TextRegion id="r2" custom="readingOrder {index:NaN;}">
            <Coords points="756,155 756,3272 2544,3272 2544,155"/>
            <TextLine id="tl_3" custom="readingOrder {index:2;}">
                <Coords points="1415,154 2067,154 2067,234 1415,234"/>
                <Baseline points="1416,201 2066,210"/>
                <Word id="w_3" custom="readingOrder {index:2;}">
                    <Coords points="1416.0,155.0 2066,155.0 2066,233 1416.0,233"/>
                    <TextEquiv>
                        <Unicode> + 1608, Dez. 5</Unicode>
                    </TextEquiv>
                </Word>
                <TextEquiv>
                    <Unicode> + 1608, Dez. 5</Unicode>
                </TextEquiv>
            </TextLine>
            <TextLine id="tl_4" custom="readingOrder {index:3;}">
                <Coords points="799,272 2341,272 2341,362 799,362"/>
                <Baseline points="800,318 2340,339"/>
                <Word id="w_4" custom="readingOrder {index:3;}">
                    <Coords points="800.0,273.0 2340,273.0 2340,361 800.0,361"/>
                    <TextEquiv>
                        <Unicode>Je, Annelin vefve de Pierrat vauthier de</Unicode>
                    </TextEquiv>
                </Word>
                <TextEquiv>
                    <Unicode>Je, Annelin vefve de Pierrat vauthier de</Unicode>
                </TextEquiv>
            </TextLine>
            <TextLine id="tl_5" custom="readingOrder {index:4;}">
                <Coords points="805,375 2281,375 2281,437 805,437"/>
                <Baseline points="806,410 1764,402 2280,419"/>
                <Word id="w_5" custom="readingOrder {index:4;}">
                    <Coords points="806.0,376.0 2280,376.0 2280,436 806.0,436"/>
                    <TextEquiv>
                        <Unicode>Courthedoubz, Cougnois librement et sans</Unicode>
                    </TextEquiv>
                </Word>
                <TextEquiv>
                    <Unicode>Courthedoubz, Cougnois librement et sans</Unicode>
                </TextEquiv>
            </TextLine>
            <TextLine id="tl_6" custom="readingOrder {index:5;}">
                <Coords points="827,453 2352,453 2352,516 827,516"/>
                <Baseline points="828,498 2351,488"/>
                <Word id="w_6" custom="readingOrder {index:5;}">
                    <Coords points="828.0,454.0 2351,454.0 2351,515 828.0,515"/>
                    <TextEquiv>
                        <Unicode>controincte, Comment que dez longue main</Unicode>
                    </TextEquiv>
                </Word>
                <TextEquiv>
                    <Unicode>controincte, Comment que dez longue main</Unicode>
                </TextEquiv>
            </TextLine>
            <TextLine id="tl_7" custom="readingOrder {index:6;}">
                <Coords points="796,535 2407,535 2407,603 796,603"/>
                <Baseline points="797,581 2406,578"/>
                <Word id="w_7" custom="readingOrder {index:6;}">
                    <Coords points="797.0,536.0 2406,536.0 2406,602 797.0,602"/>
                    <TextEquiv>
                        <Unicode>Je sois este diffame p bruict comung destre</Unicode>
                    </TextEquiv>
                </Word>
                <TextEquiv>
                    <Unicode>Je sois este diffame p bruict comung destre</Unicode>
                </TextEquiv>
            </TextLine>
            <TextLine id="tl_8" custom="readingOrder {index:7;}">
                <Coords points="796,621 2392,621 2392,701 796,701"/>
                <Baseline points="797,678 2391,666"/>
                <Word id="w_8" custom="readingOrder {index:7;}">
                    <Coords points="797.0,622.0 2391,622.0 2391,700 797.0,700"/>
                    <TextEquiv>
                        <Unicode>une sorciere et genauche, et pour ce regard</Unicode>
                    </TextEquiv>
                </Word>
                <TextEquiv>
                    <Unicode>une sorciere et genauche, et pour ce regard</Unicode>
                </TextEquiv>
            </TextLine>
            <TextLine id="tl_9" custom="readingOrder {index:8;}">
                <Coords points="788,735 2481,735 2481,800 788,800"/>
                <Baseline points="789,779 1549,765 2480,777"/>
                <Word id="w_9" custom="readingOrder {index:8;}">
                    <Coords points="789.0,736.0 2480,736.0 2480,799 789.0,799"/>
                    <TextEquiv>
                        <Unicode>plusrs plainctes et doleances soyent estees faictes</Unicode>
                    </TextEquiv>
                </Word>
                <TextEquiv>
                    <Unicode>plusrs plainctes et doleances soyent estees faictes</Unicode>
                </TextEquiv>
            </TextLine>
            <TextLine id="tl_10" custom="readingOrder {index:9;}">
                <Coords points="788,819 2476,819 2476,899 788,899"/>
                <Baseline points="789,878 1463,855 2475,861"/>
                <Word id="w_10" custom="readingOrder {index:9;}">
                    <Coords points="789.0,820.0 2475,820.0 2475,898 789.0,898"/>
                    <TextEquiv>
                        <Unicode>contre de moy, Quont donne occasion a Mesrs</Unicode>
                    </TextEquiv>
                </Word>
                <TextEquiv>
                    <Unicode>contre de moy, Quont donne occasion a Mesrs</Unicode>
                </TextEquiv>
            </TextLine>
            <TextLine id="tl_11" custom="readingOrder {index:10;}">
                <Coords points="799,913 2514,913 2514,994 799,994"/>
                <Baseline points="800,971 1399,951 2513,963"/>
                <Word id="w_11" custom="readingOrder {index:10;}">
                    <Coords points="800.0,914.0 2513,914.0 2513,993 800.0,993"/>
                    <TextEquiv>
                        <Unicode>les hault Officiers doffice de faire inquisition</Unicode>
                    </TextEquiv>
                </Word>
                <TextEquiv>
                    <Unicode>les hault Officiers doffice de faire inquisition</Unicode>
                </TextEquiv>
            </TextLine>
            <TextLine id="tl_12" custom="readingOrder {index:11;}">
                <Coords points="803,1011 2487,1011 2487,1081 803,1081"/>
                <Baseline points="804,1059 1308,1046 2486,1055"/>
                <Word id="w_12" custom="readingOrder {index:11;}">
                    <Coords points="804.0,1012.0 2486,1012.0 2486,1080 804.0,1080"/>
                    <TextEquiv>
                        <Unicode>contre de moy Et retreuve p icelle des indices</Unicode>
                    </TextEquiv>
                </Word>
                <TextEquiv>
                    <Unicode>contre de moy Et retreuve p icelle des indices</Unicode>
                </TextEquiv>
            </TextLine>
            <TextLine id="tl_13" custom="readingOrder {index:12;}">
                <Coords points="790,1101 2481,1101 2481,1176 790,1176"/>
                <Baseline points="791,1151 1888,1161 2480,1148"/>
                <Word id="w_13" custom="readingOrder {index:12;}">
                    <Coords points="791.0,1102.0 2480,1102.0 2480,1175 791.0,1175"/>
                    <TextEquiv>
                        <Unicode>et conjectures pregnantes et concluantes, Le tout</Unicode>
                    </TextEquiv>
                </Word>
                <TextEquiv>
                    <Unicode>et conjectures pregnantes et concluantes, Le tout</Unicode>
                </TextEquiv>
            </TextLine>
            <TextLine id="tl_14" custom="readingOrder {index:13;}">
                <Coords points="794,1212 2506,1212 2506,1316 794,1316"/>
                <Baseline points="795,1259 2505,1292"/>
                <Word id="w_14" custom="readingOrder {index:13;}">
                    <Coords points="795.0,1213.0 2505,1213.0 2505,1315 795.0,1315"/>
                    <TextEquiv>
                        <Unicode>comme est au long pourte p lesd informations</Unicode>
                    </TextEquiv>
                </Word>
                <TextEquiv>
                    <Unicode>comme est au long pourte p lesd informations</Unicode>
                </TextEquiv>
            </TextLine>
            <TextLine id="tl_15" custom="readingOrder {index:14;}">
                <Coords points="797,1327 2446,1327 2446,1414 797,1414"/>
                <Baseline points="798,1374 1209,1368 2445,1392"/>
                <Word id="w_15" custom="readingOrder {index:14;}">
                    <Coords points="798.0,1328.0 2445,1328.0 2445,1413 798.0,1413"/>
                    <TextEquiv>
                        <Unicode>Pour raison dequoi je seroye este saisie au</Unicode>
                    </TextEquiv>
                </Word>
                <TextEquiv>
                    <Unicode>Pour raison dequoi je seroye este saisie au</Unicode>
                </TextEquiv>
            </TextLine>
            <TextLine id="tl_16" custom="readingOrder {index:15;}">
                <Coords points="794,1417 2545,1417 2545,1521 794,1521"/>
                <Baseline points="795,1461 2544,1499"/>
                <Word id="w_16" custom="readingOrder {index:15;}">
                    <Coords points="795.0,1418.0 2544,1418.0 2544,1520 795.0,1520"/>
                    <TextEquiv>
                        <Unicode>corps conduite et menee au chasteau et forteresse</Unicode>
                    </TextEquiv>
                </Word>
                <TextEquiv>
                    <Unicode>corps conduite et menee au chasteau et forteresse</Unicode>
                </TextEquiv>
            </TextLine>
            <TextLine id="tl_17" custom="readingOrder {index:16;}">
                <Coords points="766,1519 2389,1519 2389,1613 766,1613"/>
                <Baseline points="767,1566 2388,1589"/>
                <Word id="w_17" custom="readingOrder {index:16;}">
                    <Coords points="767.0,1520.0 2388,1520.0 2388,1612 767.0,1612"/>
                    <TextEquiv>
                        <Unicode>de Pourrent et jusques au pnt y Detenue</Unicode>
                    </TextEquiv>
                </Word>
                <TextEquiv>
                    <Unicode>de Pourrent et jusques au pnt y Detenue</Unicode>
                </TextEquiv>
            </TextLine>
            <TextLine id="tl_18" custom="readingOrder {index:17;}">
                <Coords points="785,1617 2398,1617 2398,1712 785,1712"/>
                <Baseline points="786,1664 1913,1689 2397,1677"/>
                <Word id="w_18" custom="readingOrder {index:17;}">
                    <Coords points="786.0,1618.0 2397,1618.0 2397,1711 786.0,1711"/>
                    <TextEquiv>
                        <Unicode>durant lequel terme Mesrs les Officiers</Unicode>
                    </TextEquiv>
                </Word>
                <TextEquiv>
                    <Unicode>durant lequel terme Mesrs les Officiers</Unicode>
                </TextEquiv>
            </TextLine>
            <TextLine id="tl_19" custom="readingOrder {index:18;}">
                <Coords points="782,1731 2413,1731 2413,1809 782,1809"/>
                <Baseline points="783,1778 2412,1785"/>
                <Word id="w_19" custom="readingOrder {index:18;}">
                    <Coords points="783.0,1732.0 2412,1732.0 2412,1808 783.0,1808"/>
                    <TextEquiv>
                        <Unicode> ont procede avec moy suivant ordre de droit et</Unicode>
                    </TextEquiv>
                </Word>
                <TextEquiv>
                    <Unicode> ont procede avec moy suivant ordre de droit et</Unicode>
                </TextEquiv>
            </TextLine>
            <TextLine id="tl_20" custom="readingOrder {index:19;}">
                <Coords points="785,1830 2488,1830 2488,1907 785,1907"/>
                <Baseline points="786,1877 2487,1883"/>
                <Word id="w_20" custom="readingOrder {index:19;}">
                    <Coords points="786.0,1831.0 2487,1831.0 2487,1906 786.0,1906"/>
                    <TextEquiv>
                        <Unicode>au contenu des ordonnances penibles du Sainct Empire</Unicode>
                    </TextEquiv>
                </Word>
                <TextEquiv>
                    <Unicode>au contenu des ordonnances penibles du Sainct Empire</Unicode>
                </TextEquiv>
            </TextLine>
            <TextLine id="tl_21" custom="readingOrder {index:20;}">
                <Coords points="794,1921 2371,1921 2371,2019 794,2019"/>
                <Baseline points="795,1968 2370,1995"/>
                <Word id="w_21" custom="readingOrder {index:20;}">
                    <Coords points="795.0,1922.0 2370,1922.0 2370,2018 795.0,2018"/>
                    <TextEquiv>
                        <Unicode>voyre jusques a avoir sostenu la question et</Unicode>
                    </TextEquiv>
                </Word>
                <TextEquiv>
                    <Unicode>voyre jusques a avoir sostenu la question et</Unicode>
                </TextEquiv>
            </TextLine>
            <TextLine id="tl_22" custom="readingOrder {index:21;}">
                <Coords points="791,2022 2383,2022 2383,2106 791,2106"/>
                <Baseline points="792,2072 1269,2064 2382,2082"/>
                <Word id="w_22" custom="readingOrder {index:21;}">
                    <Coords points="792.0,2023.0 2382,2023.0 2382,2105 792.0,2105"/>
                    <TextEquiv>
                        <Unicode>torture moderement. Sy est ce que persistant</Unicode>
                    </TextEquiv>
                </Word>
                <TextEquiv>
                    <Unicode>torture moderement. Sy est ce que persistant</Unicode>
                </TextEquiv>
            </TextLine>
            <TextLine id="tl_23" custom="readingOrder {index:22;}">
                <Coords points="790,2118 2485,2118 2485,2208 790,2208"/>
                <Baseline points="791,2171 1298,2163 2484,2184"/>
                <Word id="w_23" custom="readingOrder {index:22;}">
                    <Coords points="791.0,2119.0 2484,2119.0 2484,2207 791.0,2207"/>
                    <TextEquiv>
                        <Unicode>et perseverant a linficiatx, et negative de tous</Unicode>
                    </TextEquiv>
                </Word>
                <TextEquiv>
                    <Unicode>et perseverant a linficiatx, et negative de tous</Unicode>
                </TextEquiv>
            </TextLine>
            <TextLine id="tl_24" custom="readingOrder {index:23;}">
                <Coords points="775,2205 2455,2205 2455,2297 775,2297"/>
                <Baseline points="776,2261 1279,2249 2454,2274"/>
                <Word id="w_24" custom="readingOrder {index:23;}">
                    <Coords points="776.0,2206.0 2454,2206.0 2454,2296 776.0,2296"/>
                    <TextEquiv>
                        <Unicode>Les faictz pourtez ausd informations. Combien</Unicode>
                    </TextEquiv>
                </Word>
                <TextEquiv>
                    <Unicode>Les faictz pourtez ausd informations. Combien</Unicode>
                </TextEquiv>
            </TextLine>
            <TextLine id="tl_25" custom="readingOrder {index:24;}">
                <Coords points="790,2313 2341,2313 2341,2381 790,2381"/>
                <Baseline points="791,2352 2340,2361"/>
                <Word id="w_25" custom="readingOrder {index:24;}">
                    <Coords points="791.0,2314.0 2340,2314.0 2340,2380 791.0,2380"/>
                    <TextEquiv>
                        <Unicode>Que les preuves soyent revestues de toutes</Unicode>
                    </TextEquiv>
                </Word>
                <TextEquiv>
                    <Unicode>Que les preuves soyent revestues de toutes</Unicode>
                </TextEquiv>
            </TextLine>
            <TextLine id="tl_26" custom="readingOrder {index:25;}">
                <Coords points="794,2394 2431,2394 2431,2472 794,2472"/>
                <Baseline points="795,2451 2430,2435"/>
                <Word id="w_26" custom="readingOrder {index:25;}">
                    <Coords points="795.0,2395.0 2430,2395.0 2430,2471 795.0,2471"/>
                    <TextEquiv>
                        <Unicode>circonstances conluantes , Et q nonobstant</Unicode>
                    </TextEquiv>
                </Word>
                <TextEquiv>
                    <Unicode>circonstances conluantes , Et q nonobstant</Unicode>
                </TextEquiv>
            </TextLine>
            <TextLine id="tl_27" custom="readingOrder {index:26;}">
                <Coords points="773,2488 2487,2488 2487,2574 773,2574"/>
                <Baseline points="774,2550 2486,2535"/>
                <Word id="w_27" custom="readingOrder {index:26;}">
                    <Coords points="774.0,2489.0 2486,2489.0 2486,2573 774.0,2573"/>
                    <TextEquiv>
                        <Unicode>ma pertace inficiation Mesd srs les Officiers</Unicode>
                    </TextEquiv>
                </Word>
                <TextEquiv>
                    <Unicode>ma pertace inficiation Mesd srs les Officiers</Unicode>
                </TextEquiv>
            </TextLine>
            <TextLine id="tl_28" custom="readingOrder {index:27;}">
                <Coords points="790,2575 2502,2575 2502,2669 790,2669"/>
                <Baseline points="791,2645 2501,2622"/>
                <Word id="w_28" custom="readingOrder {index:27;}">
                    <Coords points="791.0,2576.0 2501,2576.0 2501,2668 791.0,2668"/>
                    <TextEquiv>
                        <Unicode>ayent preuves suffisante pour maccuser devant</Unicode>
                    </TextEquiv>
                </Word>
                <TextEquiv>
                    <Unicode>ayent preuves suffisante pour maccuser devant</Unicode>
                </TextEquiv>
            </TextLine>
            <TextLine id="tl_29" custom="readingOrder {index:28;}">
                <Coords points="755,2680 2460,2680 2460,2770 755,2770"/>
                <Baseline points="756,2747 2459,2726"/>
                <Word id="w_29" custom="readingOrder {index:28;}">
                    <Coords points="756.0,2681.0 2459,2681.0 2459,2769 756.0,2769"/>
                    <TextEquiv>
                        <Unicode>La justice criminelle, Et me convaincre desd</Unicode>
                    </TextEquiv>
                </Word>
                <TextEquiv>
                    <Unicode>La justice criminelle, Et me convaincre desd</Unicode>
                </TextEquiv>
            </TextLine>
            <TextLine id="tl_30" custom="readingOrder {index:29;}">
                <Coords points="773,2778 2341,2778 2341,2872 773,2872"/>
                <Baseline points="774,2849 1322,2819 2340,2823"/>
                <Word id="w_30" custom="readingOrder {index:29;}">
                    <Coords points="774.0,2779.0 2340,2779.0 2340,2871 774.0,2871"/>
                    <TextEquiv>
                        <Unicode>faictz p tesmoing suffisans pourte ausd</Unicode>
                    </TextEquiv>
                </Word>
                <TextEquiv>
                    <Unicode>faictz p tesmoing suffisans pourte ausd</Unicode>
                </TextEquiv>
            </TextLine>
            <TextLine id="tl_31" custom="readingOrder {index:30;}">
                <Coords points="761,2873 2338,2873 2338,2959 761,2959"/>
                <Baseline points="762,2936 1864,2912 2337,2918"/>
                <Word id="w_31" custom="readingOrder {index:30;}">
                    <Coords points="762.0,2874.0 2337,2874.0 2337,2958 762.0,2958"/>
                    <TextEquiv>
                        <Unicode>informations ; Sy est ce que a ma humble</Unicode>
                    </TextEquiv>
                </Word>
                <TextEquiv>
                    <Unicode>informations ; Sy est ce que a ma humble</Unicode>
                </TextEquiv>
            </TextLine>
            <TextLine id="tl_32" custom="readingOrder {index:31;}">
                <Coords points="761,2959 2374,2959 2374,3060 761,3060"/>
                <Baseline points="762,3036 2050,2997 2373,3006"/>
                <Word id="w_32" custom="readingOrder {index:31;}">
                    <Coords points="762.0,2960.0 2373,2960.0 2373,3059 762.0,3059"/>
                    <TextEquiv>
                        <Unicode>priere et requeste faicte a Moin Seigneur et</Unicode>
                    </TextEquiv>
                </Word>
                <TextEquiv>
                    <Unicode>priere et requeste faicte a Moin Seigneur et</Unicode>
                </TextEquiv>
            </TextLine>
            <TextLine id="tl_33" custom="readingOrder {index:32;}">
                <Coords points="764,3049 2494,3049 2494,3165 764,3165"/>
                <Baseline points="765,3141 1888,3096 2493,3125"/>
                <Word id="w_33" custom="readingOrder {index:32;}">
                    <Coords points="765.0,3050.0 2493,3050.0 2493,3164 765.0,3164"/>
                    <TextEquiv>
                        <Unicode>Prince, ayant heu pitie de mes pouvres enffans</Unicode>
                    </TextEquiv>
                </Word>
                <TextEquiv>
                    <Unicode>Prince, ayant heu pitie de mes pouvres enffans</Unicode>
                </TextEquiv>
            </TextLine>
            <TextLine id="tl_34" custom="readingOrder {index:33;}">
                <Coords points="758,3172 2487,3172 2487,3273 758,3273"/>
                <Baseline points="759,3249 1536,3212 2486,3219"/>
                <Word id="w_34" custom="readingOrder {index:33;}">
                    <Coords points="759.0,3173.0 2486,3173.0 2486,3272 759.0,3272"/>
                    <TextEquiv>
                        <Unicode>Il a pleu a Son Excellence Reverendissime me</Unicode>
                    </TextEquiv>
                </Word>
                <TextEquiv>
                    <Unicode>Il a pleu a Son Excellence Reverendissime me</Unicode>
                </TextEquiv>
            </TextLine>
            <TextEquiv>
                <Unicode> + 1608, Dez. 5
Je, Annelin vefve de Pierrat vauthier de
Courthedoubz, Cougnois librement et sans
controincte, Comment que dez longue main
Je sois este diffame p bruict comung destre
une sorciere et genauche, et pour ce regard
plusrs plainctes et doleances soyent estees faictes
contre de moy, Quont donne occasion a Mesrs
les hault Officiers doffice de faire inquisition
contre de moy Et retreuve p icelle des indices
et conjectures pregnantes et concluantes, Le tout
comme est au long pourte p lesd informations
Pour raison dequoi je seroye este saisie au
corps conduite et menee au chasteau et forteresse
de Pourrent et jusques au pnt y Detenue
durant lequel terme Mesrs les Officiers
 ont procede avec moy suivant ordre de droit et
au contenu des ordonnances penibles du Sainct Empire
voyre jusques a avoir sostenu la question et
torture moderement. Sy est ce que persistant
et perseverant a linficiatx, et negative de tous
Les faictz pourtez ausd informations. Combien
Que les preuves soyent revestues de toutes
circonstances conluantes , Et q nonobstant
ma pertace inficiation Mesd srs les Officiers
ayent preuves suffisante pour maccuser devant
La justice criminelle, Et me convaincre desd
faictz p tesmoing suffisans pourte ausd
informations ; Sy est ce que a ma humble
priere et requeste faicte a Moin Seigneur et
Prince, ayant heu pitie de mes pouvres enffans
Il a pleu a Son Excellence Reverendissime me</Unicode>
            </TextEquiv>
        </TextRegion>
    </Page>
</PcGts>
