2754 3743
324 151 1119 203 Informations levees cot

343 194 1090 291 Agatte femme de henri

1604 106 2264 232 1609. 15. aug

351 276 1119 337 Vouelin de Beurnevesain

1122 202 1885 345 Du 15 daougst 1609

791 347 2196 475 Henneman Lacovatte de Beurnevesain

819 474 2277 537 par serement depose Que sont environ

806 557 2282 625 Seize ans quil servoit aupres du voueble

801 648 2307 718 dud lieu Et estant alle requerir les chevaulx

809 734 2373 807 de son mre ainsy quil les chassoit p aupres

777 821 2304 910 du vergier de Aug henri vouelin. Agatte

816 914 2324 1013 femme dicelui dit estant au dessus dud

792 1013 2328 1114 vergier ainsy q led chevaulx passoyent

810 1141 2360 1223 se baissat puis jeta de la main [ illisible ]

812 1241 2376 1325 contre lesd chevaux mais deposant ne

806 1349 2513 1429 veit point ce que sestoit. Et tout Instanment

773 1460 2369 1537 Lung des chevaulx de sond mre tombat

720 1568 2321 1714 p terre tout accoutreti. Lequel Ilz

719 1679 2393 1816 Laissarent p quelque temps devant la

776 1793 2241 1879 maison dud vouelin. Et desla le

776 1894 2400 2005 pourtarent en la maison de sond mre.

788 2096 2342 2180 Dit en oultre q dimenche passe du soir

761 2200 2411 2319 led henri vouelin estant alle en la maison

777 2291 2345 2407 de lui deposant. Icelui dit quil ne

812 2377 2472 2523 scavoit ce quil vouloit faire de sa femme

822 2494 2451 2611 quelle sestoit volsus relever deux ou trois

789 2576 2432 2722 fois pour aller mectre le feug en la maison

809 2671 2366 2795 des freres de lui Neust este quil lavoit

794 2749 2354 2887 empeiche Et q sen elle sen estoit alle

797 2837 2438 2979 nesachant ou elle alloit Et quicelle sestoit

800 2945 2441 3063 declaire quelle ne rentreroit dedans Beur-

809 3049 2414 3153 nevesain quelle neust faict du mal, quest

809 3159 1580 3255 tout ce quil en scait

1356 3527 1467 3605 2

2369 3539 2415 3610 1
