2549 3822
1043 157 2463 215 Reconfessions des actes crimes et delicts de

1095 235 2465 299 Commis et perpetres p Alix vefve George

636 259 945 310 Sortilege

1113 297 2478 396 Rossel de Boncourt. Selon quicelle les

1131 369 2484 468 a heu recongnus et reconfesses librement

1128 444 2421 549 les 17. 19. 21. 25 et 27. de mai an

1131 565 1476 633 pnt 1610.

770 696 2402 798 Premierement confesse que sont environ dix

792 777 2252 881 ans, Qung homme entre nuict et Jour

786 865 2361 964 sadressa a elle la sollicitant de se donner

794 954 2438 1041 a lui quil ne la laisseroit jamais et lui

768 1035 2429 1136 donneroit de lor et de largent pour rebastir

780 1121 2369 1233 sa maison ; ce quelle feist, et receut dicelui

758 1235 2324 1337 de largent comme lui sembloit mais quayant

780 1334 2339 1428 regarde ce ne fust q du pous de la poulsiere

743 1504 2273 1580 Item confesse qualors elle fust de mesme

777 1587 2460 1661 sollicitee de Renuncer Dieu Cresme et baptesme

768 1679 2459 1766 et de le recepvoir pour son mre, ce quelle

767 1766 2450 1868 feist Renuncea dieu Cresme et baptesme

735 1853 2418 1949 et receut Icelui pour son mre lequel

771 1969 2397 2022 disoit sappeller charbon. Et heust alors sa

786 2020 1163 2066 compagnie

717 2109 2354 2230 Item confesse q alors sond mre Charbon

711 2193 2336 2313 lui donnat du poulsat pour nuire a

740 2301 2375 2423 gens et bestes. Mais quelle nen a use a

755 2402 2276 2537 Lendroit des personnes. Ains seulement

713 2504 1290 2574 envers les bestes.

698 2629 2285 2735 Item confesse q dud poulsat elle en avoit

701 2737 2397 2816 Jecté sur lune des vaches de Nicolas guyon

683 2832 1496 2904 Laquelle en mourut

779 2985 2460 3090 De plus confesse quelle en avoit jecté sur lung

740 3078 2427 3164 des chevaulx de Pierrat Bourquenei Questoit

729 3153 2430 3237 devant sa maison, lequel en mourut. Et ce a
