2754 3743
792 173 2466 322 Jehan mahon de Beurnevesain depose Que

785 328 2361 389 par ung soir en pntce de plusrs Que led

818 409 2384 485 Henri se declaira que Il avoit empeiche p

806 508 2486 563 deux ou trois nuct sa femme que se vouloit

807 583 2472 659 relever pour aller mectre le feug en la

804 680 2526 750 maison de ses freres Et quil sen deschargeoit

798 740 1250 782 de tel faict

765 802 2394 875 Dit quil a ouys dire Que lon chargeoit et

810 881 2471 956 suspitionoit sont plus de quinze ans que lad

791 960 2511 1026 Agatte estoit une genauche Et quelle avoit

818 1043 2511 1111 fait a mourir des enffans a Bastien simon

800 1121 2478 1202 et quon lui reprochoit ouvertement Coe aussi

830 1210 2408 1286 fait mourir ung veau a Jehan muat et dune

809 1291 2433 1355 une jument au voueble mesme quelle

824 1373 2429 1450 avoit greve et tire les yeulx a lenfant de

813 1454 2384 1538 henri guenat Et de plus greve et donne

773 1552 2363 1619 La maladie a Richard chavanne de Cueve

822 1636 2379 1721 questoit pour lors son serviteur. Et de

801 1723 2454 1790 plus a opinion quelle lui a fait a mourir

776 1802 1260 1876 une jument.

836 1985 2319 2056 Jehan pbtre Prestre de Beurnevesain

782 2074 2351 2137 depose q dimenche devant le mostier

806 2160 2354 2222 que led en pntce de Jaicque chevrolet

816 2238 2373 2295 Que led henri dit Que Il se vouloit

801 2318 2511 2387 descharger p devant eulx Que sad femme

828 2420 2490 2483 sestoit voulu relever pour mectre le feu

840 2515 2490 2662 en la maison de ses freres. Ce q led henri

822 2599 2346 2671 raconta derechieff sur le soir devant

815 2699 1073 2765 plusrs

797 2791 2456 2848 Dit avoir ouys dire a plusrs quelle estoit

845 2866 2511 2927 genauche et quon lui avoit plusrs fois reproche

846 2936 1970 3013 sans quelle sen soit purgee

825 3009 2493 3098 dit quon la charge davoir creve les yeulx au a

837 3113 2462 3186 lenfant henri guenat, fait mourir les
