2501 3744
373 2977 648 3069 NB

747 253 2354 374 lequel a son lieu domicille desoubs ung mesme

765 375 2274 458 toict avec Lad Annelin. Icelle estant proche

734 468 2369 551 de leurs chevaulx, le soir dud Jour Lung diceulx

744 569 2358 636 devint malade de sorte quil mourut. Et a opinion

725 668 2354 732 deposant q pour avoir refuse de charrier pour elle

683 750 2066 831 quelle avoit donne le mal aud cheval.

700 963 2327 1088 Germain torel p serement ; depose que lannee

770 1082 2348 1155 passee deposant avoit une vache que ne vouloit

749 1155 2348 1226 donner son laict, et que ayant fait a prendre

750 1229 2357 1317 des herbes au curtil de lad Annelin (laquelle

764 1315 2342 1387 avoit heu quelque dificulte avec la femme

761 1396 2345 1468 dud deposant pour huit deniers) et les ayant

773 1465 2249 1549 fait a manger a lad vache, elle rendit

759 1557 1466 1636 tost apres son laict

581 1727 2333 1843 Thennat maillat de Courthedoubs p serement,

771 1837 2240 1891 depose, que lan passe, lad Catherine

764 1900 2348 1989 Annelin fust interpeller deposant de lui aller

770 1991 2222 2082 querir une charree de gerbes, ce que ayant

737 2090 2387 2187 deposant refuse, Incontinenti lui devindrent

756 2183 2268 2294 deux de ses chevaulx malades de sorte que

776 2279 2288 2396 environ huit jours apres ses deux chevaulx

794 2375 2273 2498 morurent Et a opinion que lad Annelin

770 2470 1982 2600 Lui a fait mourir ses chevaulx.

773 2644 2255 2731 Dit que de plus q lui deposant, avoit une seure

764 2715 2279 2814 sont passe six ans Laquelle estant au Lovre

755 2793 2267 2894 Le soir et assis ent lad Annelin et sa fille

755 2875 2282 2980 et en Riant, sa coiffe Lui tomba, laquelle

759 2980 2336 3061 fust perdue Et surce quon disoit q la fille de

726 3058 2372 3143 Lad Annelin avoit lad coiffe lad Annelin en fust
