2754 3743
204 1885 651 2051 + p ses voisins

746 159 2415 325 Estienne sen alla a galfinguen vers une femme

779 269 2480 416 pour treuver garison. Laquelle feist responce

782 375 2387 509 a icellui q deposant estoit greve p une femme

774 502 2502 590 dud Beurnevesain quelle ne nomma point

735 619 2406 716 Et na deposant aultre opinion sinon que

774 727 2373 817 lad Agatte lui a donne le mal p la

729 827 2502 906 vtuz de la deposit de lad feme de galfinguen

738 1158 2414 1284 henri guenat de Beurnevesain depose que le

754 1300 2478 1396 serviteur de lui deposant et le fils de lad Agatte

785 1378 2351 1447 estoient es champs lesquelx trouvarent ung

780 1466 2397 1543 meschant manteau lequel Il pourta le

761 1556 2411 1627 filz de lad Agatte pourta en sa mais leur

773 1636 2342 1706 maison dont deposant en nom de son fils

771 1721 2424 1781 en repeta la moitie pour sond fils : Ce que

746 1814 2477 1886 Le mari de lad Agatte avec Rigoreuses parolles

774 1901 2373 1983 refusa Et estant estes admonestes + de lui

780 1989 2394 2073 payer la moitie icelui en fust comptant

780 2080 2352 2168 porveu que lui gaingneroit jus aestoure

762 2173 2339 2252 Ce questant advenu et estant led henri

783 2263 2406 2350 vouelin en la maison dud deposant leur

780 2344 2247 2425 enffant devint malade et ne veit

789 2429 2334 2526 aulcunement de quoi deposant estant

788 2526 2445 2640 conseille daller de pourter led enfant

801 2627 2433 2732 a galfinguen vers une femme pour le

813 2728 2448 2819 faire a guerir Aussy tost quicelle

789 2830 2352 2922 le veit elle dit que led enffant

794 2920 2418 3015 estoit engenauche p des mauvaises gens

798 3011 2423 3101 Et que feroit tant quelles yroyent

804 3100 2289 3184 en leur maisons Et surce sen

792 3179 2264 3281 retourna. Et tost apres lad

2349 3602 2409 3680 8
