2754 3743
329 296 591 486 Negat

288 1949 791 2124 Tesmoings

278 2199 815 2348 Jehan savageat

254 2332 854 2445 Jehan perin pagan

287 2420 860 2503 Vuillemat Bairevoi

272 2505 860 2625 hans herard gindre

315 2574 511 2619 Jehan

275 2575 884 2671 Girard Jehannerat

287 2674 761 2753 Jehan Salvestre

297 2771 785 2881 Jehan choulat.

716 153 2327 337 Item confesse en oultre quen ceste p(rese)nte

822 299 2196 363 annee avec dud(it) Poulsat elle a faict

824 375 2349 447 mourir une vache En chez le vieulx voueble

815 437 2309 533 A raison de ce quil leur avoit refuse de

833 566 1556 644 vendre de la grainne

810 671 2291 770 Comme aussy confesse que sont environ

813 752 2291 860 dix ans quelle feist a mourir ungne

834 842 2258 944 jument grise en chez le vieulx voueble

834 932 2289 1028 Layant frappe avec une verge q son

800 1015 2300 1111 mre lui avoit donne. Et ce a raison

807 1095 2324 1192 de ce quil lavoyent charge destre este

806 1184 2105 1280 en leur prel prendre de lerbe.

1067 1427 2180 1571 Le premier de Septembre 1609

1086 1570 2195 1649 lad Agatte fust condempnee

1098 1655 2160 1722 destre Bruslee toute vive

1095 1742 2289 1811 Mais p grace heu fut decapitee

1115 1820 2276 1895 et dezlat son corps jecte au feug.
