2638 3967
1103 117 1944 288 Le lendemain dud jour

626 230 2433 346 Lad Annelin estant estee solevee de terre sans pierre

738 357 1526 416 na rien volsus confesser

716 431 2345 488 fors quelle a frappe la fille Pierre Broingne coe

707 517 2228 571 Les aultres q le frappoient aussi en Jouant

1125 607 1877 681 Eodem die apres disne

695 697 2343 774 Lad Annelin a este derechieff aplicquee a la question

749 769 2376 835 na rien volsus congnoistre Encour quelle heust le

759 841 2196 911 chappelet a la teste ?? avec la pierre pendue.
