2754 3743
765 236 2424 320 Agatte et une aultre femme appellee

783 332 2319 404 morise laquelle sest depuis retiree

801 422 2243 482 vindrent en sa maison visiter led

780 500 2468 580 enffant Et a opinion led deposant q pour

785 590 2417 676 lavoir offence moleste pour led manteau

815 680 2399 768 que lad femme lui a heu donne le mal

821 764 1967 858 a sesdits enffa sond enfant.

2258 843 2433 902 leurd

827 897 2384 972 Dit de plus que lors quelle entra en lad

798 989 2052 1059 maison quil ny avoit personne.

794 1093 2376 1176 Dit de plus quicelle agatte sont passe

718 1174 2402 1271 ung an quicelle fust demander a vendre

809 1257 2402 1356 a deposant deux pen froment Ce que

745 1373 2265 1468 Lui estant refusa tout instanment

822 1474 2499 1548 leur deux vaches furent tayries instanmet

785 1528 2435 1663 Et ayant surce use de ladvis de gens

786 1663 2505 1751 la femme dud deposant print des cendres

783 1757 2442 1830 cendres de la maison de lad Agatte et

831 1855 2297 1920 en ayant donne a leur vaches elles

822 1951 2099 2025 rendirent incontinenti leur laict.

807 2071 2460 2146 Dit quil ny a personne en la Comunaulte

830 2157 2172 2227 que ne fut absente sa compagnie

576 2245 2325 2543 Jehannette femme dud henri dit le mesme

777 2487 2331 2632 Annatte femme de Bastien Simon p serement

789 2595 2289 2712 depose Que lad Agatte fust p une fois

784 2675 2418 2805 querir du laict en sa maison et lui en ayant

794 2754 2397 2894 refuse p ce quelle nen avoit point leur

777 2858 2421 2975 deux vaches furent tairies bien 20 sepmaines

804 2941 2309 3054 jusques a ce Et ne mangeoyent choses

807 3022 2385 3132 aulcunes sinon jusques a ce quelle fust

791 3107 2448 3224 prendre des herbes de son curtil et en donna

803 3193 2460 3323 ausd vaches et desla reprindrent le manger
