2596 3832
1163 126 2330 207 Proces Criminel de Alix vefve
1208 210 2465 286 George Rossel de Boncourt accusee
1182 291 2142 349 et saisie pour sortilege
1055 430 1865 500 Le 17 de may 1610
683 551 2387 641 Lad Alix estant Interrogue Sur les faictz dont elle
719 637 2420 719 estoit accusee et sur les Informats prin levees
692 718 2255 801 doffice le matin na rien volsus confesser.
683 803 2462 910 Surquoy luy fust donne terme jusques apres disne.
1325 920 1998 1003 Apres disne dud jour
719 1019 2435 1151 Na rien volsus confesser. Dont elle fust condempnee
729 1105 1397 1168 a la tourture.
735 1190 2402 1295 Ou estant simplement solevee de terre confessa
732 1265 2385 1361 Quil y a environ dix ans, Qung homme ent
729 1343 2280 1436 nuit et jour sadressa a elle. Luy donna du
740 1418 2301 1523 poulsat pour nuire a gens et a bestes. Et
714 1511 2388 1616 Lui donna de lor et de largent mais ce ne fust
722 1598 2333 1695 q des feuilles de chasnes Et la sollicita de
738 1684 2447 1769 Renuncer dieu Cresme et baptesme ce quelle
732 1765 2412 1850 feist. Et heust alors sa compagnie questoit
728 1859 2360 1949 merveleusement froide Et dit quil sappelloit
726 1951 959 2021 charbon.
705 2078 2484 2179 Dit que dud Poulsat elle en avoit jecte sur une
731 2162 2220 2245 vache de Nicolas guyon Laquelle en morut
735 2302 2471 2396 Plus en jecta sur ung cheval de Pierrat Borquenei
725 2394 2453 2473 questoit devant sa maison lequel en mourut Et
729 2481 2357 2544 ce a raison de ce q led Bourquenei ne lui
689 2560 2493 2635 poyoit point sa chievre q ses chiens lui avoient
701 2653 932 2726 gaste
720 2763 2472 2842 Plus dit quelle en avoit aussi jecte ung cheval
743 2847 2373 2926 chastrels de poil gris questoit a mori guyon,
720 2935 2399 2999 sont 6 ans a Raison de ce q led Mori ne lui
729 3009 2471 3074 vouloit donner aulcune recompense de sa maison
719 3091 1338 3140 quil avoit heu.
