2596 3801
1155 116 2070 211 Le 25 dud mois 1610
692 250 2480 341 Lad Adelheit librement recognut les faictz pred
749 332 2436 431 les avoir Commis et perpetres Priant quon lui
728 425 2516 511 heust a faire bonne et brieve justice, Criant
729 506 2433 579 merci a Dieu a mon Seigneur et a la Justice.
1187 625 1811 695 Le 26. dud mois
734 716 2369 788 Elle cougnut derechieff avoir commis lesd actes.
1208 812 1866 886 Le 27 dud mois
737 901 2480 985 En pntce des .7. hommes elle feist le semblable
