2565 3746
432 2665 595 2824 22
762 224 2232 302 faschee de sorte q tout Instamment lad
753 314 2333 392 seure dud deposant devint malade, et disoit
743 410 2261 489 que lad Annelin lui avoit donne le mal
762 511 2202 585 dequoi elle morut quelque temps apres.
672 626 2279 717 Dit quil a tousjours ouys appeller sorciere
746 841 2381 932 Jehan Jordain dud Courthedoubs Pas serement depose
797 932 2330 1026 quil a de long temps ouys suspitionner lad
776 1022 2306 1115 Annelin estre une sorciere aultre chose nen
791 1127 953 1190 scait.
723 1274 2387 1361 Nicolas torel dud Courthedoubs depose que lui
752 1358 2303 1432 deposant a heu des chievres que ne vouloyent
767 1421 2336 1510 donner leur laict, et questant este advertis
752 1507 2255 1597 de leur voisins de prendre des herbes au
773 1593 2330 1667 curtil de ceulx quil se mefioyent et en
761 1686 2336 1763 leur en donner, a manger quelles guairiroyent
768 1774 2255 1860 Ce que la femme dud deposant a heu
779 1870 2438 1956 execute Que tousjour lesd chievres rendoyent
759 1966 2429 2049 Leur laict Et dit avoir fait cela a reyterrees fois.
759 2162 2343 2238 Dedie villain p serement depose, que p une fois
770 2237 2417 2322 la mere de deposant ayant apporte au marche
768 2338 2337 2426 vendre du beurre Lad Annelin le tint et
759 2432 2277 2510 mania. Et estant retour, les vaches dud
756 2530 2310 2609 deposant donnoyent du laict quon heust
783 2638 2397 2726 bien trayne ptout le villaige. Sur quoi estant
731 2747 2393 2822 La mere dud deposant estee conseillee elle
788 2851 2262 2924 fust prendre des herbes au curtil delle
762 2942 2322 3032 lad Annelin, et en donna a manger aux vaches
