2643 3968
302 642 614 746 Anne
270 770 702 884 vauthier
1416 155 2066 233 + 1608, Dez. 5
800 270 2340 361 Je, Annelin vefve de Pierrat vauthier de
806 368 2280 436 Courthedoubz, Cougnois librement et sans
828 452 2351 515 controincte, Comment que dez longue main
797 528 2406 602 Je sois este diffame p bruict comung destre
797 618 2391 700 une sorciere et genauche, et pour ce regard
789 724 2480 799 plusrs plainctes et doleances soyent estees faictes
789 813 2475 898 contre de moy, Quont donne occasion a Mesrs
800 907 2513 993 les hault Officiers doffice de faire inquisition
804 1003 2486 1080 contre de moy Et retreuve p icelle des indices
791 1102 2480 1184 et conjectures pregnantes et concluantes, Le tout
795 1213 2505 1315 comme est au long pourte p lesd informations
798 1325 2445 1416 Pour raison dequoi je seroye este saisie au
795 1418 2544 1520 corps conduite et menee au chasteau et forteresse
767 1517 2388 1615 de Pourrent et jusques au pnt y Detenue
786 1618 2397 1712 durant lequel terme Mesrs les Officiers
783 1724 2412 1810 ont procede avec moy suivant ordre de droit et
786 1829 2487 1910 au contenu des ordonnances penibles du Sainct Empire
795 1922 2370 2018 voyre jusques a avoir sostenu la question et
792 2018 2382 2105 torture moderement. Sy est ce que persistant
791 2117 2484 2207 et perseverant a linficiatx, et negative de tous
776 2205 2454 2296 Les faictz pourtez ausd informations. Combien
791 2310 2340 2380 Que les preuves soyent revestues de toutes
795 2395 2430 2471 circonstances conluantes , Et q nonobstant
774 2489 2486 2573 ma pertace inficiation Mesd srs les Officiers
791 2576 2501 2668 ayent preuves suffisante pour maccuser devant
756 2681 2459 2769 La justice criminelle, Et me convaincre desd
774 2773 2340 2871 faictz p tesmoing suffisans pourte ausd
762 2868 2337 2958 informations ; Sy est ce que a ma humble
762 2951 2373 3059 priere et requeste faicte a Moin Seigneur et
765 3050 2493 3164 Prince, ayant heu pitie de mes pouvres enffans
759 3164 2486 3272 Il a pleu a Son Excellence Reverendissime me
