2754 3743
329 296 591 486 Negat
288 1934 791 2124 Tesmoings
278 2197 815 2348 Jehan savageat
254 2332 854 2445 Jehan perin pagan
287 2420 860 2503 Vuillemat Bairevoi
272 2499 860 2625 hans herard gindre
315 2563 511 2619 Jehan
275 2575 884 2672 Girard Jehannerat
287 2666 761 2753 Jehan Salvestre
297 2756 785 2882 Jehan choulat.
716 153 2327 337 Item confesse en oultre quen ceste p(rese)nte
822 297 2196 363 annee avec dud(it) Poulsat elle a faict
824 375 2349 448 mourir une vache En chez le vieulx voueble
815 437 2309 536 A raison de ce quil leur avoit refuse de
833 564 1556 644 vendre de la grainne
810 671 2291 770 Comme aussy confesse que sont environ
813 752 2291 860 dix ans quelle feist a mourir ungne
834 842 2258 944 jument grise en chez le vieulx voueble
834 929 2289 1028 Layant frappe avec une verge q son
800 1015 2300 1111 mre lui avoit donne. Et ce a raison
807 1095 2324 1192 de ce quil lavoyent charge destre este
806 1184 2105 1280 en leur prel prendre de lerbe.
1067 1427 2180 1571 Le premier de Septembre 1609
1086 1570 2195 1649 lad Agatte fust condempnee
1098 1651 2160 1722 destre Bruslee toute vive
1095 1730 2289 1817 Mais p grace heu fut decapitee
1115 1820 2276 1895 et dezlat son corps jecte au feug.
