2475 3739
333 1628 477 1787 24
701 297 2253 366 lesquelles Instanment rendirent leur laict
737 383 1436 448 comme au paravant.
716 517 2274 581 Dit de plus q p une fois, ayant refuse alad
765 601 2276 663 Annelin de lui aller querir une charre de bois
725 686 2295 759 Le millieur de leur chevaulx vint malade
753 786 2280 860 de sorte quil en morut et a opinion, qu'elle
791 876 1983 953 avoit donne le mal aud cheval.
692 1025 2192 1108 Dit quil a tousjour ouys suspitionner lad
732 1111 1629 1180 Annelin estre une sorciere
507 1286 2301 1464 Perrin coinson, dud Courthedoubs Par serement depose
648 1414 2270 1493 que sont environ quinze Jours quil fust requis
635 1496 2156 1582 daller de mener du bouement pour lad
609 1586 2349 1681 Annelin ; ce que lui ayant refuse, p ce quil
642 1681 2178 1765 a asse a faire pour lui. Que lad
605 1785 2130 1869 Annelin les a menace et dit quil nen,
629 1886 2223 1976 gaigneroyent rien. Surce lui est venu ung
669 1986 2238 2075 cheval malade lequel, est mort et tient
672 2078 2208 2177 deposant q Lad Annelin lui a donne lad
678 2198 1040 2274 maladie.
699 2301 2270 2376 Dit que divers lors quil a des neiges, quon,
732 2350 2288 2457 voit, tant sur le toidt q au vergier derrier la
692 2466 2289 2549 maison, delad Annelin, des passees estranges
699 2568 1614 2636 comme passees de vaches.
669 2688 2280 2774 Dit quil a tousjour ouys dire aux enffans delle
702 2743 2306 2851 quil y avoit ung gros noir chamatt chatt qualloit p leur
710 2851 1958 2912 maisons, quil en avoyent bien peur
