2582 3808
1071 126 2457 196 Proces Criminel de Adelheit vefve Borquin
1103 198 2448 271 Betteni de Boncort detenue en prison
1080 287 1707 353 pour sortilege
1211 400 1905 467 Le 17 de may 1610.
705 488 2409 559 Estant simplement Interrogue sur les faictz dont
741 568 2430 643 elle est accusee Icelle na rien volsus cougnoistre
707 669 2445 748 Sinon quelle confesse avoir heu tire les chievres Jehan
707 747 1625 819 Belin sans leur avoir greve
692 844 2375 919 Et confesse quelle fust envoyee a Souarce faire
717 931 2367 995 ung voyaige pour le cheval Mori guyon ou elle
695 1016 2396 1085 porta ung estaulx Et raporta de lerbe et de terre
707 1099 2252 1172 du Cymetiere duquel Led cheval fust guairis
704 1220 2465 1314 Surce lui fust donne terme de sadviser Jusques apres
717 1293 920 1372 disne.
1236 1360 1685 1421 Apres disne
695 1463 2472 1533 Estant derechieff interroguee na rien volsus Cougnoistre
756 1536 1317 1599 Sinon ce q devant.
737 1611 2111 1686 Surquoi elle fust condempnee a la torture
1227 1706 1602 1774 Ou estant
726 1808 2478 1872 Elle confessa que sont 12 ans passe que p deux fois
737 1887 2433 1950 sestant pnte ung homme a elle proche sa maison
734 1970 2469 2041 et de nuit Lui Icelui Lavoit sollicite de se donner
738 2056 2370 2125 a lui et quil lui donneroit de largent Surquoy
731 2141 2412 2219 a chane desd deux fois, Appelle le nom de Jesus
699 2233 2331 2314 Led homme sestoit tousjour treuve esvanouy
680 2375 2400 2453 dit que pour la troisieme fois se pntea a elle
713 2466 2370 2543 Lui promit de la jamais ne la laisser, et de se
719 2555 1824 2615 donner a lui Ce quelle feist.
705 2648 2043 2720 Renuncea dieu Cresme et baptesme,
714 2740 1898 2812 heust sa compagnie quest froide
713 2846 2474 2915 Receut de lui de largent que ne furent que feuilles
719 2951 1412 3018 Sappelloit hemerlin
708 3036 1974 3094 avoit les pied coe de pied de vaches.
683 3142 2364 3208 Lui donna du poulsat pEt de la graisse pour
711 3212 1643 3280 nuire a gens et a bestes
708 3292 2018 3379 Pourtoit led poulsat en une bouetate
