2754 3743
383 901 603 1057 Negat
300 1562 531 1710 Negat
206 1996 581 2093 + avec dud
255 2106 564 2211 poulsat
662 191 2315 355 Item confesse aussy que avec daultres
801 299 2294 385 elle a assiste a faire de la grelle
812 381 2432 460 et de la pluye p quelquefois. Et que la grelle
806 433 2415 511 quelles feirent lannee passe icelle tomba sur le bois de
834 510 1115 555 Rechesie
639 531 2315 724 Item confesse q dud poulsat quelle en a
800 591 2406 707 heu Jete sur lund des chevaulx au voueble
779 677 2246 795 dud Beurnevesain dequoi il en morut
673 810 2375 1016 Item confesse avoir aussy faict a mourir
810 893 2390 1011 au voueble une vache. Laquelle [doublement biffé :Il avoit]
812 977 2414 1083 elle avoit frappe avec une verge q sond(it)
788 1051 1970 1185 m(ait)re grappin lui avoit donne
702 1201 2340 1382 Item confesse aussy avoir faict a mourir
819 1281 2255 1383 une vache a Petre Malgrain avec du
821 1356 2316 1470 poulsat que sond mre lui avoit donne
809 1532 2319 1602 Item de plus confesse avoir faict mourir
819 1616 2367 1681 avec dud(it) poulsat une vache a Jehan du pray
813 1692 2325 1767 a raison quil lui avoit refuse de vendre
804 1779 1319 1846 de la grainne.
744 1872 2286 2037 Item confesse que sont environ huict ans
836 2019 2325 2103 quicelle + feist a mourir leur Une fille
818 2120 2217 2175 a Bastien Simon monnier : Parce que
1070 2150 1184 2197 fille
809 2206 2421 2272 la femme dud Simon luy avoit refuse
789 2278 1959 2353 du laict sestoit ferme a elle
786 2454 2262 2520 Item confesse de plus quelle a aussy
837 2534 2160 2602 faict a mourir avec dud poulsat
806 2624 2357 2692 ung enffant a Jehan mahon dit madeux
798 2721 2334 2785 A raison de ce que Il la chargeoyent
773 2802 2417 2893 de leur avoir faict a mourir ung cheval
2262 3557 2331 3616 2
