2754 3743
724 189 2373 332 Frene vefve de feu Jehan muat et au pnt
819 328 2388 392 femme de Jehan Dieu le fils. Par serement
786 404 2378 492 depose Que p une fois sont bien douze
806 498 2397 583 ans que deposante avoir ung veau questoit
789 590 2418 674 de Sept sepmaines quelle vouloit desallayter
773 683 2459 761 Et estant en son estable Lad Agatte y advint
803 772 2336 856 advint que dit voycy ung bel veau dieu
730 869 2340 947 Le garde et en apres sen alla. Et tout
730 953 2346 1044 Incontinent quelle fust sortie led
702 1043 2430 1130 veau se print a gruller et dejecter p terre
798 1127 2370 1227 puis saultoit en haulst. Ce que voyant
783 1233 2286 1325 deposante envoya querir de ses voisinnes
795 1340 2364 1424 pour veoir led veau, lesquelles dirent
804 1443 2292 1541 toutes q led veau estoit engenauche et
786 1545 2339 1643 quon lavoit greve, lequel mourut ce
795 1648 2337 1742 mesme jour environ une heure et
761 1751 2459 1832 demye apres ce q lad Agatte en fust sortie
761 1874 2402 1947 Et a deposante opinion que lad Agatte
756 1961 2382 2040 Lavoit engenauche quest tout ce quelle
755 2046 1085 2122 en scait
2340 3466 2388 3619 2
