2565 3756
1001 202 1946 293 Le 22 de Novembre 1608.
681 364 2255 431 Les pntes Informations sont estees leutes Par
729 436 2424 511 devant Le conseil de son Excellence Reverendissime
701 508 2390 589 Lequel ayant le tout veu et pese Ont declaire
683 568 2381 680 Lad Annelin debvoir estre tiree en cause et en
753 655 2372 767 prison. Et estant Illec tost sur les faictz pred
500 750 2268 865 debvoir estre gehennee et examinee a la torture.
