2649 3967
699 244 2514 313 Qui a cause La maladie des chevaulx de Guilliame
504 288 582 363 10
765 323 1016 383 perreal
533 368 2040 464 Negat dit bien scavoir quil lui en soit beaulxcoup mors
746 490 2408 561 Pourquoi quant on lappelloit genauche en elle
780 568 1848 640 se vengeoit de telle injures
501 597 555 666 11
606 645 1971 719 dit quelle navoit personne pour la deffendre
728 797 2460 869 Qui ont causé les maladies de Mori Vauthier et
720 866 2475 942 de sa femme que sont este sy souvent malades
513 899 618 971 12
728 954 2270 1011 Lors que Ilz avoient querelles avec elle
566 1019 807 1083 Negat
722 1121 2408 1215 Qui causoit les maladies des chevaulx dud
498 1213 579 1277 13
741 1211 2478 1306 mori vauthier et pourquoi Il y mouroit tant
612 1290 870 1363 Negat
713 1428 2468 1524 Qui a cause la maladie des juvencels de
758 1526 1622 1602 Semon villain Et pour
444 1529 554 1593 14
645 1604 864 1668 Negat
750 1756 2459 1855 Et pourquoi elle se treuva ainsy blessee lors
479 1818 582 1884 15
774 1837 1373 1899 de telle maladie
641 1913 876 1974 Negat
753 2043 2493 2138 Pourquoi la femme premiere de Estienne doland
504 2085 654 2178 16
731 2132 2525 2220 disoit que elle lad Annelin la faisoit mourir
621 2213 857 2286 Negat
747 2388 2564 2442 Pourquoi les chevaulx de Thevnat guenin surce
749 2469 2516 2526 quil avoit refuse de mener des voihon ["feuilles" suscrit pas reconnu!!!] pour elle
506 2507 608 2574 17
776 2538 1145 2604 sont mort
581 2624 870 2693 Negat
753 2750 2505 2835 Comme et p quel moyen le laict de la vache
771 2836 2532 2912 germain torel ne donnoit son laict, et quayant prins
738 2918 2420 3001 delerbe au curtil delle lad Annelin le laict
494 2936 578 3005 18
723 3002 1281 3072 Lui estoit retorne
630 3092 873 3162 Negat
746 3216 2447 3310 Sy elle scait point dou procedoit la maladie des
773 3309 2439 3378 chevaulx de Thevna maillat q lui avoit
492 3342 591 3414 19
746 3400 1722 3469 refuse de mener, des gerbes
582 3486 879 3569 Negat
