2655 3972
774 244 2330 351 faire a relascher de prison, Moyenant les
779 341 2489 447 conditions et reserves suigvantes Premierement
773 425 2348 548 que jassisterai tous Les dimenches et festes
785 522 2423 633 solempnelles devotement a leglise, et vivrai
782 608 2453 729 en femme de bien selon les ordonnance dicelle
743 700 2366 819 Secondement q je ne hanterai les assemblees
771 785 2414 903 comme Nopces beniesons comairaige, louvres
768 871 2342 998 et costelz, Ains procurerai ladvancement de
783 950 2378 1091 mon menaige sans divaguer de courir ca
771 1061 2411 1193 et la, en sorte que personne naura occasion
761 1148 2375 1287 de soi complaindre de moi. Tiercement que
803 1250 2423 1373 si aulcune ulterieure plaincte se faisoit cot
756 1361 2420 1479 de moi q Je me rendrai ent les mains de la
768 1460 2396 1589 Justice sans mabsenter Et finablement q
765 1558 2435 1689 de ce mien emprisonement je ne me vengerai
759 1670 2472 1794 p moi ou p aultres ny entreprendrai ny ferai
771 1766 2406 1893 entreprendre de men venger, soit cont Sond
759 1871 2465 2000 Excellence Reverendissime, Mesrs ses officiers
795 1970 2465 2093 leurs serviteurs, les tesmoings produis contre
780 2065 2528 2190 de moi Leurs femmes familles biens et chevances.
734 2189 2432 2295 Lesquelx pointz et articles jai promis et jure p
791 2294 2318 2385 serement de tout en tout de p tout fidelement
767 2390 2414 2492 garder et observer de mon millieur pouvoir
746 2489 2378 2600 Que sil advient que en lung ou en laultre
788 2579 2435 2687 je contreviengne, alors je me submectz destre
779 2693 2369 2772 chastie au contenu des ordonnances penible
773 2766 2420 2861 du sainct Empire, Ce que jai p serement
764 2865 2456 2944 solennel, jure de garder et inviolablement
737 2939 2417 3032 accomplir Et pour plus grande solempnite
758 3023 2409 3137 et assurance jai prie le? Not soubsigne,
786 3123 2357 3236 de soubsigner le pnt acte en mon nom
783 3224 2468 3324 Ce quil at faict a ma tres grande priere
