2523 3728
297 2186 570 2238 Annelin
1646 134 2352 171 1608, sept.24-nov.22
693 1047 2298 1112 Quil a une fille noe lucie laquelle estant
1149 190 2141 269 Du 24 de Septembre 1608.
698 1124 2238 1182 p une fois au louvre sont environ six ans
1242 269 2291 350 Informations prinse et levees
699 1200 2261 1275 Que lad lucie Annelin la frappa entre
1262 352 2310 420 doffice p nous henri farine
659 1280 2364 1358 les deux espalles dont depuis elle vint grievement
1280 432 2387 503 Prevost de Pourrentruy et Claudat
687 1355 2274 1436 malade et est Impotente dire du droit costel
1259 508 2285 569 Briot mayre de Courthedoubs
693 1441 2231 1515 Et tient deposant coe aussi lad Lucie q p
1199 585 2292 641 Sur les diffamats et accusations,
690 1520 2262 1608 ledi frappement la rendu en telle maladie
1224 660 2367 730 faictes cotr Annelin vefve de Perrat
731 1608 2372 1705 Et combien q deposant aye faict tout debvoir
1265 730 2309 792 Vauthier de Courthedoubs destre
719 1697 2277 1780 dela faire a guerir sy est ce quil na treuve
1254 801 2100 859 accusee pour sorciere
722 1787 2322 1866 aulcung remede Sinon que tous les medicins q
665 928 2345 1047 Pierre Broingne dud Courthedoubs p serement depose
711 1876 2231 1945 lont veu ont tousjour juge quelle estoit
704 1957 1023 2022 encorsele.
620 2041 2277 2106 Dit q sont quatre ans questant deposant Banvert
704 2109 2282 2175 Il trouva lad Lucie dessus ung poirie avec sa
714 2184 2307 2254 fille que eschossotoyent des poires Et les ayant
699 2264 2295 2341 deposant rescrie quilz seroyent gaigei Icelles
722 2360 2250 2427 furent perdues sans quil peult scavoir ny
693 2447 2214 2513 veoir quelles devindrent et ny heust une
729 2525 1820 2595 seulle poire desoubs larbre.
