2643 3812
165 1771 548 1927 La deculpe
713 154 2406 238 doffice se rencontrant du tout semblable a
741 240 2535 325 ceuqlle avoit confessee Icelle fust condempne
741 332 1992 409 destre aplicque a la torture.
726 487 2433 577 Ou estant recougnut entierement questoient
759 579 2418 661 10 ans quelle avoit renunce dieu Cresme et
756 657 1095 727 baptesme
735 740 1815 820 Sestoit donne a son mre charbon
744 830 1857 906 Avoit heu sa compagnie froide
743 918 2075 994 Quil avoit les pied Rond coe une beste
746 1007 1665 1075 Quil estoit vestus de gris
729 1094 2417 1199 Quil lui avoit donne des feuilles pour delargent
740 1196 1820 1282 Quil avoit receu du poulsat
740 1298 2411 1387 Et en avoit jectes sur les 2 chevaulx et la vache
750 1365 1010 1441 pred
771 1472 2523 1550 Quelle sestoit treuve au Sabath Sur les planches
774 1558 2129 1634 Gribolai vers le fahir de dele O
768 1661 2537 1745 Quilec Il y en avoit plusrs questoient masquees
756 1778 2391 1847 Quilec elle cougnut la voirade femme de
797 1855 1955 1928 Pierrat fongaibe de dele.
1122 2029 1908 2069 Le 25 dud mois 1610
749 2133 2451 2209 Lad Alix librement ayant nye les faictz pred
758 2213 2423 2293 et declaire quelle se faisoit tord ainsy que lon
758 2298 2535 2385 la conduisoit en prison au lieu ou au paravant
767 2384 2361 2465 elle avoit este Icelle dit que lon la debvoit
768 2461 2561 2556 remener vers les srs officiers quelle se vouloit descharger
731 2554 2379 2649 Et estant enmy la court du chasteau icelle dit
762 2629 2478 2733 que vroyement elle avoit commis et perpertres
765 2717 2550 2821 les actes et crimes p elle confessee Criant a dieu
759 2807 2499 2891 merci et a monsr le priant de lui vouloir faire
753 2885 2394 2974 grace Et estoient pnts mesrs Balthasar
749 2966 1692 3025 Reitner, Marrel et je.
1208 3085 1859 3163 Le 26. dud mois
740 3174 2432 3247 Lad Alix estant derechieff examinee le matin dud
738 3256 2400 3321 jour Icelle dit quelle se faisoit grand tord
