<?xml version="1.0" encoding="UTF-8" standalone="yes"?>
<PcGts xmlns="http://schema.primaresearch.org/PAGE/gts/pagecontent/2013-07-15" xmlns:xsi="http://www.w3.org/2001/XMLSchema-instance" xsi:schemaLocation="http://schema.primaresearch.org/PAGE/gts/pagecontent/2013-07-15 http://schema.primaresearch.org/PAGE/gts/pagecontent/2013-07-15/pagecontent.xsd">
    <Metadata>
        <Creator>prov=University of Rostock/Institute of Mathematics/CITlab|PLANET AI GmbH/Tobias Gruening/tobias.gruening@planet-ai.de:name=/net_tf/LA73_249_0mod360.pb:de.uros.citlab.segmentation.CITlab_LA_ML:v=2.6.7
Transkribus</Creator>
        <Created>2021-12-14T09:09:21.557+01:00</Created>
        <LastChange>2021-12-16T09:37:31.964+01:00</LastChange>
        <TranskribusMetadata docId="863318" pageId="32959485" pageNr="15" tsid="71072694" status="GT" userId="52016" imgUrl="https://files.transkribus.eu/Get?id=LJFTZOMXDMBBSPXTNUXVBXBH&amp;fileType=view" xmlUrl="https://files.transkribus.eu/Get?id=ZDBXBXHDIRHZRADPXSXZGTCN" imageId="26287869"/>
    </Metadata>
    <Page imageFilename="B_168-15-23_0015.jpg" imageWidth="2622" imageHeight="3818">
        <ReadingOrder>
            <OrderedGroup id="ro_1646324005476" caption="Regions reading order">
                <RegionRefIndexed index="0" regionRef="r1"/>
                <RegionRefIndexed index="1" regionRef="r2"/>
            </OrderedGroup>
        </ReadingOrder>
        <TextRegion orientation="0.0" id="r1" custom="readingOrder {index:0;}">
            <Coords points="78,1454 78,1577 600,1577 600,1454"/>
            <TextLine id="r1l1" custom="readingOrder {index:0;}">
                <Coords points="78,1510 104,1513 130,1514 156,1514 182,1516 208,1515 234,1514 260,1514 286,1513 312,1511 339,1510 365,1508 391,1506 417,1504 443,1503 469,1501 495,1499 521,1498 547,1497 573,1496 600,1496 600,1454 573,1454 547,1455 521,1456 495,1457 469,1459 443,1461 417,1462 391,1464 365,1466 339,1468 312,1469 286,1471 260,1472 234,1472 208,1473 182,1474 156,1472 130,1472 104,1471 78,1468"/>
                <Baseline points="78,1496 104,1499 130,1500 156,1500 182,1502 208,1501 234,1500 260,1500 286,1499 312,1497 339,1496 365,1494 391,1492 417,1490 443,1489 469,1487 495,1485 521,1484 547,1483 573,1482 600,1482"/>
                <TextEquiv>
                    <Unicode> proche du fahie</Unicode>
                </TextEquiv>
            </TextLine>
            <TextLine id="r1l2" custom="readingOrder {index:1;}">
                <Coords points="120,1573 145,1575 171,1577 196,1577 222,1576 247,1574 273,1572 298,1570 324,1568 349,1566 375,1565 400,1566 426,1567 426,1525 400,1524 375,1523 349,1524 324,1526 298,1528 273,1530 247,1532 222,1534 196,1535 171,1535 145,1533 120,1531"/>
                <Baseline points="120,1559 145,1561 171,1563 196,1563 222,1562 247,1560 273,1558 298,1556 324,1554 349,1552 375,1551 400,1552 426,1553"/>
                <TextEquiv>
                    <Unicode>de dele </Unicode>
                </TextEquiv>
            </TextLine>
            <TextEquiv>
                <Unicode></Unicode>
            </TextEquiv>
        </TextRegion>
        <TextRegion orientation="0.0" id="r2" custom="readingOrder {index:1;}">
            <Coords points="645,149 645,1712 2475,1712 2475,149"/>
            <TextLine id="r2l1" custom="readingOrder {index:0;} abbrev {offset:13; length:1;expansion:que;} abbrev {offset:15; length:3;expansion:ledit;}">
                <Coords points="687,213 772,210 858,209 944,206 1030,204 1115,204 1201,203 1287,203 1373,203 1458,203 1544,204 1630,205 1716,206 1801,207 1887,209 1973,212 2059,213 2144,216 2230,218 2316,221 2402,224 2402,170 2316,167 2230,164 2144,162 2059,159 1973,158 1887,155 1801,153 1716,152 1630,151 1544,150 1458,149 1373,149 1287,149 1201,149 1115,150 1030,150 944,152 858,155 772,156 687,159"/>
                <Baseline points="687,195 772,192 858,191 944,188 1030,186 1115,186 1201,185 1287,185 1373,185 1458,185 1544,186 1630,187 1716,188 1801,189 1887,191 1973,194 2059,195 2144,198 2230,200 2316,203 2402,206"/>
                <TextEquiv>
                    <Unicode>raison de ce q led Bourquenei ne lui poyoit </Unicode>
                </TextEquiv>
            </TextLine>
            <TextLine id="r2l2" custom="readingOrder {index:1;} abbrev {offset:18; length:1;expansion:que;} abbrev {offset:31; length:3;expansion:dudit;}">
                <Coords points="674,311 760,302 847,297 933,293 1020,290 1106,289 1193,289 1279,290 1366,293 1452,295 1539,298 1626,302 1712,305 1799,308 1885,311 1972,314 2058,316 2145,316 2231,316 2318,314 2405,311 2405,277 2318,280 2231,282 2145,282 2058,282 1972,280 1885,277 1799,274 1712,271 1626,268 1539,264 1452,261 1366,259 1279,256 1193,255 1106,255 1020,256 933,259 847,263 760,268 674,277"/>
                <Baseline points="674,300 760,291 847,286 933,282 1020,279 1106,278 1193,278 1279,279 1366,282 1452,284 1539,287 1626,291 1712,294 1799,297 1885,300 1972,303 2058,305 2145,305 2231,305 2318,303 2405,300"/>
                <TextEquiv>
                    <Unicode>point une chievre q les chiens dud Bourquenei </Unicode>
                </TextEquiv>
            </TextLine>
            <TextLine id="r2l3" custom="readingOrder {index:2;}">
                <Coords points="1004,346 1031,343 1059,340 1087,338 1115,337 1115,304 1087,305 1059,307 1031,310 1004,313"/>
                <Baseline points="1004,335 1031,332 1059,329 1087,327 1115,326"/>
                <TextEquiv>
                    <Unicode>avoint [le début du mot n'est pas pris et je n'arrive pas à étendre la sélection] </Unicode>
                </TextEquiv>
            </TextLine>
            <TextLine id="r2l4" custom="readingOrder {index:3;} textStyle {offset:4; length:14;strikethrough:true;}">
                <Coords points="680,392 728,391 776,391 825,389 873,389 922,388 970,388 1019,386 1067,385 1116,385 1164,383 1212,382 1261,382 1309,380 1358,380 1406,379 1455,379 1503,379 1552,379 1600,379 1649,377 1649,344 1600,346 1552,346 1503,346 1455,346 1406,346 1358,347 1309,347 1261,349 1212,349 1164,350 1116,352 1067,352 1019,353 970,355 922,355 873,356 825,356 776,358 728,358 680,359"/>
                <Baseline points="680,381 728,380 776,380 825,378 873,378 922,377 970,377 1019,375 1067,374 1116,374 1164,372 1212,371 1261,371 1309,369 1358,369 1406,368 1455,368 1503,368 1552,368 1600,368 1649,366"/>
                <TextEquiv>
                    <Unicode>lui avoyent gastei domaige</Unicode>
                </TextEquiv>
            </TextLine>
            <TextLine id="r2l5" custom="readingOrder {index:4;} abbrev {offset:33; length:3;expansion:dudit;}">
                <Coords points="680,602 766,600 852,599 938,596 1024,594 1110,591 1196,590 1282,587 1368,585 1454,582 1541,580 1627,578 1713,576 1799,573 1885,572 1971,571 2057,570 2143,569 2229,569 2315,569 2402,569 2402,515 2315,515 2229,515 2143,515 2057,516 1971,517 1885,518 1799,519 1713,522 1627,524 1541,526 1454,528 1368,531 1282,533 1196,536 1110,537 1024,540 938,542 852,545 766,546 680,548"/>
                <Baseline points="680,584 766,582 852,581 938,578 1024,576 1110,573 1196,572 1282,569 1368,567 1454,564 1541,562 1627,560 1713,558 1799,555 1885,554 1971,553 2057,552 2143,551 2229,551 2315,551 2402,551"/>
                <TextEquiv>
                    <Unicode>Item confesse avoir encour jecté dud poulsat </Unicode>
                </TextEquiv>
            </TextLine>
            <TextLine id="r2l6" custom="readingOrder {index:5;}">
                <Coords points="695,684 779,680 864,676 948,673 1033,671 1118,668 1202,666 1287,665 1371,665 1456,663 1541,663 1625,662 1710,662 1794,660 1879,660 1964,659 2048,657 2133,656 2217,653 2302,651 2387,648 2387,594 2302,597 2217,599 2133,602 2048,603 1964,605 1879,606 1794,606 1710,608 1625,608 1541,609 1456,609 1371,611 1287,611 1202,612 1118,614 1033,617 948,619 864,622 779,626 695,630"/>
                <Baseline points="695,666 779,662 864,658 948,655 1033,653 1118,650 1202,648 1287,647 1371,647 1456,645 1541,645 1625,644 1710,644 1794,642 1879,642 1964,641 2048,639 2133,638 2217,635 2302,633 2387,630"/>
                <TextEquiv>
                    <Unicode>sur ung cheval chastré de poil gris questoit </Unicode>
                </TextEquiv>
            </TextLine>
            <TextLine id="r2l7" custom="readingOrder {index:6;} abbrev {offset:29; length:1;expansion:que;} abbrev {offset:31; length:3;expansion:ledit;}">
                <Coords points="707,753 792,752 877,750 963,749 1048,749 1133,749 1219,748 1304,747 1389,747 1475,747 1560,747 1645,747 1731,746 1816,746 1901,744 1987,743 2072,741 2157,739 2243,737 2328,733 2414,729 2414,675 2328,679 2243,683 2157,685 2072,687 1987,689 1901,690 1816,692 1731,692 1645,693 1560,693 1475,693 1389,693 1304,693 1219,694 1133,695 1048,695 963,695 877,696 792,698 707,699"/>
                <Baseline points="707,735 792,734 877,732 963,731 1048,731 1133,731 1219,730 1304,729 1389,729 1475,729 1560,729 1645,729 1731,728 1816,728 1901,726 1987,725 2072,723 2157,721 2243,719 2328,715 2414,711"/>
                <TextEquiv>
                    <Unicode>a Mori guyon, a raison de ce q led Mori ne lui </Unicode>
                </TextEquiv>
            </TextLine>
            <TextLine id="r2l8" custom="readingOrder {index:7;}">
                <Coords points="713,834 792,833 872,833 952,832 1032,833 1112,833 1191,834 1271,836 1351,838 1431,840 1511,842 1590,843 1670,843 1750,843 1830,843 1910,843 1989,842 2069,839 2149,835 2229,830 2309,824 2309,770 2229,776 2149,781 2069,785 1989,788 1910,789 1830,789 1750,789 1670,789 1590,789 1511,788 1431,786 1351,784 1271,782 1191,780 1112,779 1032,779 952,778 872,779 792,779 713,780"/>
                <Baseline points="713,816 792,815 872,815 952,814 1032,815 1112,815 1191,816 1271,818 1351,820 1431,822 1511,824 1590,825 1670,825 1750,825 1830,825 1910,825 1989,824 2069,821 2149,817 2229,812 2309,806"/>
                <TextEquiv>
                    <Unicode>vouloit donner aulcune recompense de la </Unicode>
                </TextEquiv>
            </TextLine>
            <TextLine id="r2l9" custom="readingOrder {index:8;} abbrev {offset:24; length:1;expansion:qui;}">
                <Coords points="684,938 773,933 863,932 952,930 1042,932 1131,935 1221,937 1310,940 1400,945 1489,949 1579,953 1669,957 1758,960 1848,962 1937,963 2027,963 2116,962 2206,959 2295,954 2385,946 2475,936 2475,891 2385,901 2295,909 2206,914 2116,917 2027,918 1937,918 1848,917 1758,915 1669,912 1579,908 1489,904 1400,900 1310,895 1221,892 1131,890 1042,887 952,885 863,887 773,888 684,893"/>
                <Baseline points="684,923 773,918 863,917 952,915 1042,917 1131,920 1221,922 1310,925 1400,930 1489,934 1579,938 1669,942 1758,945 1848,947 1937,948 2027,948 2116,947 2206,944 2295,939 2385,931 2475,921"/>
                <TextEquiv>
                    <Unicode>maison qui celui tenoit q meuvoit delle, lequel </Unicode>
                </TextEquiv>
            </TextLine>
            <TextLine id="r2l10" custom="readingOrder {index:9;}">
                <Coords points="713,998 738,998 764,998 789,996 815,996 841,995 866,993 892,992 917,990 943,990 969,990 994,990 1020,992 1046,995 1046,950 1020,947 994,945 969,945 943,945 917,945 892,947 866,948 841,950 815,951 789,951 764,953 738,953 713,953"/>
                <Baseline points="713,983 738,983 764,983 789,981 815,981 841,980 866,978 892,977 917,975 943,975 969,975 994,975 1020,977 1046,980"/>
                <TextEquiv>
                    <Unicode>en mourut </Unicode>
                </TextEquiv>
            </TextLine>
            <TextLine id="r2l11" custom="readingOrder {index:10;} abbrev {offset:18; length:3;expansion:ledit;} abbrev {offset:34; length:3;expansion:maitre;}">
                <Coords points="645,1106 729,1103 813,1102 897,1100 981,1099 1065,1099 1149,1100 1234,1101 1318,1102 1402,1105 1486,1106 1570,1108 1654,1111 1738,1112 1823,1114 1907,1114 1991,1115 2075,1115 2159,1115 2243,1114 2328,1111 2328,1059 2243,1062 2159,1063 2075,1063 1991,1063 1907,1062 1823,1062 1738,1060 1654,1059 1570,1056 1486,1054 1402,1053 1318,1050 1234,1049 1149,1048 1065,1047 981,1047 897,1048 813,1050 729,1051 645,1054"/>
                <Baseline points="645,1089 729,1086 813,1085 897,1083 981,1082 1065,1082 1149,1083 1234,1084 1318,1085 1402,1088 1486,1089 1570,1091 1654,1094 1738,1095 1823,1097 1907,1097 1991,1098 2075,1098 2159,1098 2243,1097 2328,1094"/>
                <TextEquiv>
                    <Unicode>Item confesse que led Charbon son mre avoit </Unicode>
                </TextEquiv>
            </TextLine>
            <TextLine id="r2l12" custom="readingOrder {index:11;} abbrev {offset:16; length:3;expansion:comme;}">
                <Coords points="683,1196 764,1192 846,1190 928,1187 1010,1186 1091,1186 1173,1184 1255,1186 1337,1186 1418,1187 1500,1187 1582,1189 1664,1189 1745,1190 1827,1190 1909,1190 1991,1190 2072,1189 2154,1187 2236,1184 2318,1180 2318,1129 2236,1133 2154,1136 2072,1138 1991,1139 1909,1139 1827,1139 1745,1139 1664,1138 1582,1138 1500,1136 1418,1136 1337,1135 1255,1135 1173,1133 1091,1135 1010,1135 928,1136 846,1139 764,1141 683,1145"/>
                <Baseline points="683,1179 764,1175 846,1173 928,1170 1010,1169 1091,1169 1173,1167 1255,1169 1337,1169 1418,1170 1500,1170 1582,1172 1664,1172 1745,1173 1827,1173 1909,1173 1991,1173 2072,1172 2154,1170 2236,1167 2318,1163"/>
                <TextEquiv>
                    <Unicode>les pieds ronds coe une beste. Et que ses </Unicode>
                </TextEquiv>
            </TextLine>
            <TextLine id="r2l13" custom="readingOrder {index:12;}">
                <Coords points="687,1287 728,1286 770,1284 811,1283 853,1281 895,1280 936,1278 978,1278 1020,1278 1061,1277 1103,1277 1145,1277 1186,1277 1228,1277 1270,1278 1311,1278 1353,1278 1395,1278 1436,1278 1478,1280 1520,1280 1520,1226 1478,1226 1436,1224 1395,1224 1353,1224 1311,1224 1270,1224 1228,1223 1186,1223 1145,1223 1103,1223 1061,1223 1020,1224 978,1224 936,1224 895,1226 853,1227 811,1229 770,1230 728,1232 687,1233"/>
                <Baseline points="687,1269 728,1268 770,1266 811,1265 853,1263 895,1262 936,1260 978,1260 1020,1260 1061,1259 1103,1259 1145,1259 1186,1259 1228,1259 1270,1260 1311,1260 1353,1260 1395,1260 1436,1260 1478,1262 1520,1262"/>
                <TextEquiv>
                    <Unicode>habitz estoient de gris </Unicode>
                </TextEquiv>
            </TextLine>
            <TextLine id="r2l14" custom="readingOrder {index:13;}">
                <Coords points="687,1443 770,1446 853,1448 936,1449 1019,1449 1102,1451 1185,1451 1268,1451 1351,1451 1434,1449 1517,1449 1600,1449 1683,1449 1766,1449 1849,1449 1932,1451 2015,1452 2098,1454 2181,1457 2264,1460 2348,1464 2348,1410 2264,1406 2181,1403 2098,1400 2015,1398 1932,1397 1849,1395 1766,1395 1683,1395 1600,1395 1517,1395 1434,1395 1351,1397 1268,1397 1185,1397 1102,1397 1019,1395 936,1395 853,1394 770,1392 687,1389"/>
                <Baseline points="687,1425 770,1428 853,1430 936,1431 1019,1431 1102,1433 1185,1433 1268,1433 1351,1433 1434,1431 1517,1431 1600,1431 1683,1431 1766,1431 1849,1431 1932,1433 2015,1434 2098,1436 2181,1439 2264,1442 2348,1446"/>
                <TextEquiv>
                    <Unicode>Item confesse quicelle sest treuve au Sabath </Unicode>
                </TextEquiv>
            </TextLine>
            <TextLine id="r2l15" custom="readingOrder {index:14;}">
                <Coords points="693,1529 774,1529 856,1529 938,1529 1020,1529 1101,1529 1183,1529 1265,1529 1347,1529 1428,1529 1510,1530 1592,1530 1674,1530 1755,1532 1837,1532 1919,1533 2001,1534 2082,1535 2164,1536 2246,1538 2328,1539 2328,1485 2246,1484 2164,1482 2082,1481 2001,1480 1919,1479 1837,1478 1755,1478 1674,1476 1592,1476 1510,1476 1428,1475 1347,1475 1265,1475 1183,1475 1101,1475 1020,1475 938,1475 856,1475 774,1475 693,1475"/>
                <Baseline points="693,1511 774,1511 856,1511 938,1511 1020,1511 1101,1511 1183,1511 1265,1511 1347,1511 1428,1511 1510,1512 1592,1512 1674,1512 1755,1514 1837,1514 1919,1515 2001,1516 2082,1517 2164,1518 2246,1520 2328,1521"/>
                <TextEquiv>
                    <Unicode>Sur les planches gribolai ☨ Auquel lieu </Unicode>
                </TextEquiv>
            </TextLine>
            <TextLine id="r2l16" custom="readingOrder {index:15;} abbrev {offset:15; length:6;expansion:plusieures;}">
                <Coords points="693,1617 774,1619 855,1619 936,1619 1017,1619 1098,1620 1179,1620 1261,1620 1342,1620 1423,1620 1504,1620 1585,1620 1666,1620 1747,1620 1829,1620 1910,1620 1991,1620 2072,1620 2153,1620 2234,1619 2316,1619 2316,1565 2234,1565 2153,1566 2072,1566 1991,1566 1910,1566 1829,1566 1747,1566 1666,1566 1585,1566 1504,1566 1423,1566 1342,1566 1261,1566 1179,1566 1098,1566 1017,1565 936,1565 855,1565 774,1565 693,1563"/>
                <Baseline points="693,1599 774,1601 855,1601 936,1601 1017,1601 1098,1602 1179,1602 1261,1602 1342,1602 1423,1602 1504,1602 1585,1602 1666,1602 1747,1602 1829,1602 1910,1602 1991,1602 2072,1602 2153,1602 2234,1601 2316,1601"/>
                <TextEquiv>
                    <Unicode> Il y en avoit pluses aultres quelle ne</Unicode>
                </TextEquiv>
            </TextLine>
            <TextLine id="r2l17" custom="readingOrder {index:16;} abbrev {offset:13; length:3;expansion:parce;}">
                <Coords points="672,1712 755,1711 839,1710 923,1710 1007,1709 1091,1709 1175,1710 1258,1710 1342,1710 1426,1710 1510,1711 1594,1712 1678,1712 1762,1712 1845,1712 1929,1712 2013,1712 2097,1712 2181,1711 2265,1710 2349,1709 2349,1655 2265,1656 2181,1657 2097,1658 2013,1658 1929,1658 1845,1658 1762,1658 1678,1658 1594,1658 1510,1657 1426,1656 1342,1656 1258,1656 1175,1656 1091,1655 1007,1655 923,1656 839,1656 755,1657 672,1658"/>
                <Baseline points="672,1694 755,1693 839,1692 923,1692 1007,1691 1091,1691 1175,1692 1258,1692 1342,1692 1426,1692 1510,1693 1594,1694 1678,1694 1762,1694 1845,1694 1929,1694 2013,1694 2097,1694 2181,1693 2265,1692 2349,1691"/>
                <TextEquiv>
                    <Unicode>cougnoissoit pce quelles estoient masquees. </Unicode>
                </TextEquiv>
            </TextLine>
            <TextEquiv>
                <Unicode></Unicode>
            </TextEquiv>
        </TextRegion>
    </Page>
</PcGts>
