2570 3863
500 127 1017 178 1610. 17./ may.
1058 154 2304 247 Reconfessions des actes crimes et
770 192 842 258 27.
225 236 669 324 # de Sortilege
1068 253 2142 319 delitz # Commis et perpetrez p
1050 342 2358 423 Adelheit vefve Bourquin Betteny
1109 417 2258 498 De Boncourt, selon quicelle les
1086 517 2237 581 a heu recongnus et reconfesses
1079 597 2300 653 Librement, Les 17 : 19. 21. 25 et
1086 675 2072 735 27 de may an pnt 1610
780 822 2432 918 Premierement confesse que sont environ douze
2412 852 2451 931 [partie du -e final de la ligne sup.!!!]
779 920 2397 984 ans, que a elle proche sa maison, entre
785 998 2483 1058 jour et nuict, se presenta p deux distinctes
779 1066 2421 1156 fois, Ung homme a elle, la saluant, et
770 1161 2456 1234 Luy demandant ce quelle faisoit, et sy elle
764 1248 2496 1336 se vouloit donner a lui. Quil Lui donneroit
773 1358 2498 1440 de lor et de largent. Et que surce ayant
798 1463 2445 1535 volsus respondre a Icelui, et nommé et
789 1555 2484 1637 appellé Le nom de Jesus, que tel homme
806 1664 2255 1744 sestoit tousjour esvanouy et perdus.
776 1852 2426 1949 Item confesse que p une troisieme fois, led
792 1947 2429 2032 homme sestoit derechieff representé a elle
771 2031 2331 2112 Et lavoit sollicité comme devant,
800 2127 2388 2212 de se donner a lui, quil lui donneroit
855 2229 2439 2311 de largent, et lui promectoit de jamais
768 2325 2475 2434 ne la laisser, Ce, a quoi elle consentit
771 2423 1782 2502 et surce se donna a lui
771 2587 2459 2691 Item confesse q led homme lui conseilla
794 2672 2445 2781 et persuada de renier Dieu Cresme et
758 2768 2375 2869 baptesme et de le recepvoir lui led
876 2861 2385 2962 homme pour son mre. Lequel Il
791 2963 2384 3063 disoit sappeller Hämmerlin, Ce que
770 3055 2412 3172 a telle persuasion elle feist. Renia
768 3144 2364 3258 surce dieu, Cresme, et Baptesme et
873 3240 2315 3348 print led hämmerlin pour son mre.
