<?xml version="1.0" encoding="UTF-8" standalone="yes"?>
<PcGts xmlns="http://schema.primaresearch.org/PAGE/gts/pagecontent/2013-07-15" xmlns:xsi="http://www.w3.org/2001/XMLSchema-instance" xsi:schemaLocation="http://schema.primaresearch.org/PAGE/gts/pagecontent/2013-07-15 http://schema.primaresearch.org/PAGE/gts/pagecontent/2013-07-15/pagecontent.xsd">
    <Metadata>
        <Creator>prov=University of Rostock/Institute of Mathematics/CITlab|PLANET AI GmbH/Tobias Gruening/tobias.gruening@planet-ai.de:name=/net_tf/LA73_249_0mod360.pb:de.uros.citlab.segmentation.CITlab_LA_ML:v=2.6.7
Transkribus</Creator>
        <Created>2021-12-10T08:20:05.021+01:00</Created>
        <LastChange>2021-12-13T23:29:20.103+01:00</LastChange>
        <TranskribusMetadata docId="859968" pageId="32403065" pageNr="3" tsid="70812011" status="DONE" userId="52016" imgUrl="https://files.transkribus.eu/Get?id=UXGCWPWYTVUDMPXHIPKPLIQY&amp;fileType=view" xmlUrl="https://files.transkribus.eu/Get?id=NZXHBPAZLQBUQDIPNWMGPOZN" imageId="25748385"/>
    </Metadata>
    <Page imageFilename="B_168_15-9_2_03.jpg" imageWidth="2754" imageHeight="3743">
        <ReadingOrder>
            <OrderedGroup id="ro_1646324049006" caption="Regions reading order">
                <RegionRefIndexed index="0" regionRef="r1"/>
                <RegionRefIndexed index="1" regionRef="r2"/>
                <RegionRefIndexed index="2" regionRef="r3"/>
                <RegionRefIndexed index="3" regionRef="r4"/>
            </OrderedGroup>
        </ReadingOrder>
        <TextRegion id="r1" custom="readingOrder {index:0;}">
            <Coords points="910,1192 910,1192 910,1192 910,1192"/>
            <TextEquiv>
                <Unicode></Unicode>
            </TextEquiv>
        </TextRegion>
        <TextRegion id="r2" custom="readingOrder {index:1;}">
            <Coords points="807,1222 807,1226 807,1226 807,1222"/>
            <TextEquiv>
                <Unicode></Unicode>
            </TextEquiv>
        </TextRegion>
        <TextRegion orientation="0.0" id="r3" custom="readingOrder {index:2;}">
            <Coords points="218,216 218,647 782,647 782,216"/>
            <TextLine id="r3l1" custom="readingOrder {index:0;}">
                <Coords points="231,274 256,275 282,276 308,276 334,276 360,274 386,274 411,274 437,273 463,272 489,270 515,270 541,268 566,267 592,265 618,262 644,261 670,259 696,256 696,216 670,219 644,221 618,222 592,225 566,227 541,228 515,230 489,230 463,232 437,233 411,234 386,234 360,234 334,236 308,236 282,236 256,235 231,234"/>
                <Baseline points="231,261 256,262 282,263 308,263 334,263 360,261 386,261 411,261 437,260 463,259 489,257 515,257 541,255 566,254 592,252 618,249 644,248 670,246 696,243"/>
                <TextEquiv>
                    <Unicode>Marguerite fille </Unicode>
                </TextEquiv>
            </TextLine>
            <TextLine id="r3l2" custom="readingOrder {index:1;}">
                <Coords points="246,337 271,336 296,336 321,336 346,335 371,334 396,333 421,332 446,331 471,330 496,328 521,327 546,325 571,323 596,322 621,320 646,318 671,316 696,315 722,312 722,272 696,275 671,276 646,278 621,280 596,282 571,283 546,285 521,287 496,288 471,290 446,291 421,292 396,293 371,294 346,295 321,296 296,296 271,296 246,297"/>
                <Baseline points="246,324 271,323 296,323 321,323 346,322 371,321 396,320 421,319 446,318 471,317 496,315 521,314 546,312 571,310 596,309 621,307 646,305 671,303 696,302 722,299"/>
                <TextEquiv>
                    <Unicode>Anthoine musat de </Unicode>
                </TextEquiv>
            </TextLine>
            <TextLine id="r3l3" custom="readingOrder {index:2;}">
                <Coords points="240,400 265,398 291,397 316,396 342,394 368,392 393,391 419,389 444,388 470,387 496,385 521,385 547,383 572,382 598,381 624,379 624,339 598,341 572,342 547,343 521,345 496,345 470,347 444,348 419,349 393,351 368,352 342,354 316,356 291,357 265,358 240,360"/>
                <Baseline points="240,387 265,385 291,384 316,383 342,381 368,379 393,378 419,376 444,375 470,374 496,372 521,372 547,370 572,369 598,368 624,366"/>
                <TextEquiv>
                    <Unicode>La Rouge terre </Unicode>
                </TextEquiv>
            </TextLine>
            <TextLine id="r3l4" custom="readingOrder {index:3;}">
                <Coords points="224,466 258,465 285,465 312,464 340,463 367,462 394,460 422,460 449,459 476,459 504,458 531,457 558,456 586,456 613,455 640,454 668,454 695,453 722,453 750,453 750,413 722,413 695,413 668,414 640,414 613,415 586,416 558,416 531,417 504,418 476,419 449,419 422,420 394,420 367,422 340,423 312,424 285,425 258,425 224,426"/>
                <Baseline points="231,453 258,452 285,452 312,451 340,450 367,449 394,447 422,447 449,446 476,446 504,445 531,444 558,443 586,443 613,442 640,441 668,441 695,440 722,440 750,440"/>
                <TextEquiv>
                    <Unicode>La chambeliere velt </Unicode>
                </TextEquiv>
            </TextLine>
            <TextLine id="r3l5" custom="readingOrder {index:4;}">
                <Coords points="246,526 276,526 306,524 336,520 366,520 366,480 336,480 306,484 276,486 246,486"/>
                <Baseline points="246,513 276,513 306,511 336,507 366,507"/>
                <TextEquiv>
                    <Unicode>Riter </Unicode>
                </TextEquiv>
            </TextLine>
            <TextLine id="r3l6" custom="readingOrder {index:5;}">
                <Coords points="218,588 246,588 274,588 302,587 330,585 359,584 387,582 415,580 443,578 471,575 500,573 528,571 556,570 584,568 612,567 641,566 669,566 697,566 725,566 753,567 782,569 782,532 753,530 725,529 697,529 669,529 641,529 612,530 584,531 556,533 528,534 500,536 471,538 443,541 415,543 387,545 359,547 330,548 302,550 274,551 246,551 218,551"/>
                <Baseline points="218,576 246,576 274,576 302,575 330,573 359,572 387,570 415,568 443,566 471,563 500,561 528,559 556,558 584,556 612,555 641,554 669,554 697,554 725,554 753,555 782,557"/>
                <TextEquiv>
                    <Unicode>Claudine de Froide- </Unicode>
                </TextEquiv>
            </TextLine>
            <TextLine id="r3l7" custom="readingOrder {index:6;}">
                <Coords points="248,639 276,641 304,642 332,642 360,644 388,645 417,647 417,610 388,608 360,607 332,605 304,605 276,604 248,602"/>
                <Baseline points="248,627 276,629 304,630 332,630 360,632 388,633 417,635"/>
                <TextEquiv>
                    <Unicode>vaulx </Unicode>
                </TextEquiv>
            </TextLine>
            <TextEquiv>
                <Unicode></Unicode>
            </TextEquiv>
        </TextRegion>
        <TextRegion orientation="0.0" id="r4" custom="readingOrder {index:3;}">
            <Coords points="761,199 761,3249 2448,3249 2448,199"/>
            <TextLine id="r4l1" custom="readingOrder {index:0;}">
                <Coords points="1103,256 1142,257 1182,259 1222,261 1262,262 1302,264 1341,265 1381,267 1421,268 1461,270 1501,271 1540,273 1580,274 1620,274 1660,275 1700,276 1739,276 1779,276 1819,276 1859,276 1899,276 1899,219 1859,219 1819,219 1779,219 1739,219 1700,219 1660,218 1620,217 1580,217 1540,216 1501,214 1461,213 1421,211 1381,210 1341,208 1302,207 1262,205 1222,204 1182,202 1142,200 1103,199"/>
                <Baseline points="1103,237 1142,238 1182,240 1222,242 1262,243 1302,245 1341,246 1381,248 1421,249 1461,251 1501,252 1540,254 1580,255 1620,255 1660,256 1700,257 1739,257 1779,257 1819,257 1859,257 1899,257"/>
                <TextEquiv>
                    <Unicode>Du 12 daougst 1609 </Unicode>
                </TextEquiv>
            </TextLine>
            <TextLine id="r4l2" custom="readingOrder {index:1;} abbrev {offset:0; length:9;expansion:Informations;} abbrev {offset:25; length:4;expansion:Contre;} textStyle {offset:30; length:6;underlined:true;}">
                <Coords points="993,375 1063,375 1133,375 1203,376 1273,378 1343,379 1413,381 1484,384 1554,386 1624,388 1694,390 1764,392 1834,393 1904,394 1975,396 2045,396 2115,396 2185,394 2255,393 2325,391 2396,388 2396,331 2325,334 2255,336 2185,337 2115,339 2045,339 1975,339 1904,337 1834,336 1764,335 1694,333 1624,331 1554,329 1484,327 1413,324 1343,322 1273,321 1203,319 1133,318 1063,318 993,318"/>
                <Baseline points="993,356 1063,356 1133,356 1203,357 1273,359 1343,360 1413,362 1484,365 1554,367 1624,369 1694,371 1764,373 1834,374 1904,375 1975,377 2045,377 2115,377 2185,375 2255,374 2325,372 2396,369"/>
                <TextEquiv>
                    <Unicode>Informats prinse doffice Cont Agatte </Unicode>
                </TextEquiv>
            </TextLine>
            <TextLine id="r4l3" custom="readingOrder {index:2;} textStyle {offset:15; length:7;underlined:true;} textStyle {offset:26; length:12;underlined:true;}">
                <Coords points="1004,447 1073,449 1143,450 1212,452 1282,453 1352,455 1421,456 1491,458 1561,461 1630,462 1700,464 1770,465 1839,467 1909,468 1979,470 2048,471 2118,473 2188,473 2257,474 2327,476 2397,476 2397,430 2327,430 2257,428 2188,427 2118,427 2048,425 1979,424 1909,422 1839,421 1770,419 1700,418 1630,416 1561,415 1491,412 1421,410 1352,409 1282,407 1212,406 1143,404 1073,403 1004,401"/>
                <Baseline points="1004,432 1073,434 1143,435 1212,437 1282,438 1352,440 1421,441 1491,443 1561,446 1630,447 1700,449 1770,450 1839,452 1909,453 1979,455 2048,456 2118,458 2188,458 2257,459 2327,461 2397,461"/>
                <TextEquiv>
                    <Unicode>femme de henri vouelin de Beurnevesain </Unicode>
                </TextEquiv>
            </TextLine>
            <TextLine id="r4l4" custom="readingOrder {index:3;} textStyle {offset:20; length:2;strikethrough:true;}">
                <Coords points="1020,516 1088,516 1157,516 1226,516 1295,517 1364,518 1433,520 1501,522 1570,524 1639,527 1708,529 1777,531 1846,533 1915,536 1983,537 2052,539 2121,540 2190,542 2259,542 2328,540 2397,539 2397,493 2328,494 2259,496 2190,496 2121,494 2052,493 1983,491 1915,490 1846,487 1777,485 1708,483 1639,481 1570,478 1501,476 1433,474 1364,472 1295,471 1226,470 1157,470 1088,470 1020,470"/>
                <Baseline points="1020,501 1088,501 1157,501 1226,501 1295,502 1364,503 1433,505 1501,507 1570,509 1639,512 1708,514 1777,516 1846,518 1915,521 1983,522 2052,524 2121,525 2190,527 2259,527 2328,525 2397,524"/>
                <TextEquiv>
                    <Unicode>Sur les faiclz dont Il est accusee de vouloir </Unicode>
                </TextEquiv>
            </TextLine>
            <TextLine id="r4l5" custom="readingOrder {index:4;}">
                <Coords points="1026,588 1095,588 1165,588 1235,589 1305,590 1374,592 1444,593 1514,595 1584,597 1653,598 1723,601 1793,603 1863,604 1932,606 2002,607 2072,607 2142,609 2211,607 2281,607 2351,606 2421,604 2421,555 2351,557 2281,558 2211,558 2142,560 2072,558 2002,558 1932,557 1863,555 1793,554 1723,552 1653,549 1584,548 1514,546 1444,544 1374,543 1305,541 1235,540 1165,539 1095,539 1026,539"/>
                <Baseline points="1026,572 1095,572 1165,572 1235,573 1305,574 1374,576 1444,577 1514,579 1584,581 1653,582 1723,585 1793,587 1863,588 1932,590 2002,591 2072,591 2142,593 2211,591 2281,591 2351,590 2421,588"/>
                <TextEquiv>
                    <Unicode>mectre le feu es maisons des freres de son </Unicode>
                </TextEquiv>
            </TextLine>
            <TextLine id="r4l6" custom="readingOrder {index:5;}">
                <Coords points="1029,658 1057,657 1085,655 1114,655 1142,655 1170,655 1199,657 1199,608 1170,606 1142,606 1114,606 1085,606 1057,608 1029,609"/>
                <Baseline points="1029,642 1057,641 1085,639 1114,639 1142,639 1170,639 1199,641"/>
                <TextEquiv>
                    <Unicode>‸ mari </Unicode>
                </TextEquiv>
            </TextLine>
            <TextLine id="r4l7" custom="readingOrder {index:6;}">
                <Coords points="1353,826 1378,827 1404,828 1429,828 1455,828 1481,829 1506,829 1532,829 1558,828 1583,828 1596,852 1635,826 1635,769 1609,770 1583,771 1558,771 1532,772 1506,772 1481,772 1470,753 1444,753 1404,771 1378,770 1353,769"/>
                <Baseline points="1353,807 1378,808 1404,809 1429,809 1455,809 1481,810 1506,810 1532,810 1558,809 1583,809 1609,808 1635,807"/>
                <TextEquiv>
                    <Unicode>‸ son mari </Unicode>
                </TextEquiv>
            </TextLine>
            <TextLine id="r4l8" custom="readingOrder {index:7;} abbrev {offset:0; length:3;expansion:Ledit;} abbrev {offset:56; length:5;expansion:presentce;}">
                <Coords points="761,924 837,921 914,919 990,918 1067,916 1144,916 1220,915 1297,916 1374,916 1450,916 1527,918 1604,919 1680,919 1757,921 1834,922 1910,922 1987,924 2064,924 2140,924 2217,924 2294,922 2294,865 2217,867 2140,867 2064,867 1987,867 1910,865 1834,865 1757,864 1680,862 1604,862 1527,861 1450,859 1374,859 1297,859 1220,858 1144,859 1067,859 990,861 914,862 831,819 755,822"/>
                <Baseline points="761,905 837,902 914,900 990,899 1067,897 1144,897 1220,896 1297,897 1374,897 1450,897 1527,899 1604,900 1680,900 1757,902 1834,903 1910,903 1987,905 2064,905 2140,905 2217,905 2294,903"/>
                <TextEquiv>
                    <Unicode>Led henri vouelin [même signe ut supra!] a librement en pntce des</Unicode>
                </TextEquiv>
            </TextLine>
            <TextLine id="r4l9" custom="readingOrder {index:8;} abbrev {offset:28; length:1;expansion:que;} abbrev {offset:30; length:3;expansion:sadite;}">
                <Coords points="812,999 888,997 964,994 1041,994 1117,993 1193,993 1270,993 1346,993 1422,993 1499,993 1575,994 1651,994 1728,996 1804,996 1880,997 1957,997 2033,997 2109,997 2186,997 2262,997 2339,996 2339,939 2262,940 2186,940 2109,940 2033,940 1957,940 1880,940 1804,939 1728,939 1651,937 1575,937 1499,936 1422,936 1346,936 1270,936 1193,936 1117,936 1041,937 964,937 888,940 812,942"/>
                <Baseline points="812,980 888,978 964,975 1041,975 1117,974 1193,974 1270,974 1346,974 1422,974 1499,974 1575,975 1651,975 1728,977 1804,977 1880,978 1957,978 2033,978 2109,978 2186,978 2262,978 2339,977"/>
                <TextEquiv>
                    <Unicode>tesmoings suigvans declaire q sad femme </Unicode>
                </TextEquiv>
            </TextLine>
            <TextLine id="r4l10" custom="readingOrder {index:9;} abbrev {offset:6; length:1;expansion:par;} abbrev {offset:8; length:6;expansion:plusieurs;}">
                <Coords points="800,1078 873,1078 947,1077 1021,1077 1095,1077 1169,1077 1242,1077 1316,1078 1390,1078 1464,1078 1538,1078 1611,1078 1685,1078 1759,1078 1833,1078 1907,1078 1980,1077 2054,1077 2128,1075 2202,1074 2276,1072 2276,1015 2202,1017 2128,1018 2054,1020 1980,1020 1907,1021 1833,1021 1759,1021 1685,1021 1611,1021 1538,1021 1464,1021 1390,1021 1316,1021 1242,1020 1169,1020 1095,1020 1021,1020 947,1020 873,1021 800,1021"/>
                <Baseline points="800,1059 873,1059 947,1058 1021,1058 1095,1058 1169,1058 1242,1058 1316,1059 1390,1059 1464,1059 1538,1059 1611,1059 1685,1059 1759,1059 1833,1059 1907,1059 1980,1058 2054,1058 2128,1056 2202,1055 2276,1053"/>
                <TextEquiv>
                    <Unicode>avoit p plusrs et reyterees fois dit quelle </Unicode>
                </TextEquiv>
            </TextLine>
            <TextLine id="r4l11" custom="readingOrder {index:10;}">
                <Coords points="2324,1111 2360,1108 2396,1111 2396,1081 2360,1078 2324,1081"/>
                <Baseline points="2324,1101 2360,1098 2396,1101"/>
                <TextEquiv>
                    <Unicode>lui </Unicode>
                </TextEquiv>
            </TextLine>
            <TextLine id="r4l12" custom="readingOrder {index:11;} textStyle {offset:41; length:4;strikethrough:true;} abbrev {offset:41; length:4;expansion:sondit;}">
                <Coords points="788,1164 868,1162 949,1159 1029,1157 1110,1155 1190,1153 1271,1152 1351,1152 1432,1150 1512,1150 1593,1150 1674,1149 1754,1149 1835,1149 1915,1149 1996,1149 2076,1149 2157,1150 2237,1150 2318,1150 2399,1150 2399,1120 2318,1120 2237,1120 2157,1120 2076,1119 1996,1119 1915,1119 1835,1119 1754,1119 1674,1119 1593,1120 1512,1120 1432,1120 1351,1122 1271,1122 1190,1123 1110,1125 1029,1127 949,1129 868,1132 788,1134"/>
                <Baseline points="788,1154 868,1152 949,1149 1029,1147 1110,1145 1190,1143 1271,1142 1351,1142 1432,1140 1512,1140 1593,1140 1674,1139 1754,1139 1835,1139 1915,1139 1996,1139 2076,1139 2157,1140 2237,1140 2318,1140 2399,1140"/>
                <TextEquiv>
                    <Unicode>mectroit le feu es maisons des freres de sond </Unicode>
                </TextEquiv>
            </TextLine>
            <TextLine id="r4l13" custom="readingOrder {index:12;} textStyle {offset:0; length:4;strikethrough:true;} abbrev {offset:24; length:1;expansion:par;}">
                <Coords points="817,1244 1013,1239 1088,1239 1162,1239 1237,1239 1311,1241 1386,1241 1460,1241 1535,1242 1609,1242 1684,1244 1759,1244 1833,1245 1908,1245 1982,1247 2057,1247 2131,1248 2206,1248 2280,1248 2355,1249 2430,1250 2430,1195 2355,1194 2280,1193 2206,1193 2131,1193 2057,1192 1982,1192 1908,1190 1833,1190 1759,1189 1684,1189 1609,1187 1535,1187 1460,1186 1386,1186 1311,1186 1237,1184 1162,1184 1088,1184 1013,1184 817,1189"/>
                <Baseline points="840,1223 914,1221 1088,1221 1162,1221 1237,1221 1311,1223 1386,1223 1460,1223 1535,1224 1609,1224 1684,1226 1759,1226 1833,1227 1908,1227 1982,1229 2057,1229 2131,1230 2206,1230 2280,1230 2355,1231 2430,1232"/>
                <TextEquiv>
                    <Unicode>mari. Et quelle sestoit p deux ou trois Nuit </Unicode>
                </TextEquiv>
            </TextLine>
            <TextLine id="r4l14" custom="readingOrder {index:13;}">
                <Coords points="794,1323 870,1324 946,1326 1023,1327 1099,1329 1176,1330 1252,1331 1328,1332 1405,1333 1481,1335 1558,1336 1634,1338 1710,1338 1787,1340 1863,1342 1940,1344 2016,1347 2092,1349 2169,1351 2245,1355 2322,1359 2322,1302 2245,1298 2169,1294 2092,1292 2016,1290 1940,1287 1863,1285 1787,1283 1710,1281 1634,1281 1558,1279 1481,1278 1405,1276 1328,1275 1252,1274 1176,1273 1099,1272 1023,1270 946,1269 870,1267 794,1266"/>
                <Baseline points="794,1304 870,1305 946,1307 1023,1308 1099,1310 1176,1311 1252,1312 1328,1313 1405,1314 1481,1316 1558,1317 1634,1319 1710,1319 1787,1321 1863,1323 1940,1325 2016,1328 2092,1330 2169,1332 2245,1336 2322,1340"/>
                <TextEquiv>
                    <Unicode>voulsus relever pour mectre en execution </Unicode>
                </TextEquiv>
            </TextLine>
            <TextLine id="r4l15" custom="readingOrder {index:14;} abbrev {offset:31; length:1;expansion:que;}">
                <Coords points="815,1413 885,1414 955,1416 1025,1417 1095,1417 1165,1419 1235,1419 1305,1419 1375,1420 1445,1420 1516,1421 1586,1422 1656,1423 1726,1424 1796,1426 1866,1428 1936,1430 2006,1432 2076,1436 2146,1439 2217,1444 2217,1387 2146,1382 2076,1379 2006,1375 1936,1373 1866,1371 1796,1369 1726,1367 1656,1366 1586,1365 1516,1364 1445,1363 1375,1363 1305,1362 1235,1362 1165,1362 1095,1360 1025,1360 955,1359 885,1357 815,1356"/>
                <Baseline points="815,1394 885,1395 955,1397 1025,1398 1095,1398 1165,1400 1235,1400 1305,1400 1375,1401 1445,1401 1516,1402 1586,1403 1656,1404 1726,1405 1796,1407 1866,1409 1936,1411 2006,1413 2076,1417 2146,1420 2217,1425"/>
                <TextEquiv>
                    <Unicode>telle entreprinse ne fust este q lui </Unicode>
                </TextEquiv>
            </TextLine>
            <TextLine id="r4l16" custom="readingOrder {index:15;} abbrev {offset:31; length:1;expansion:que;} abbrev {offset:33; length:4;expansion:lesdits;}">
                <Coords points="806,1509 882,1509 959,1509 1035,1509 1112,1510 1188,1510 1265,1512 1341,1513 1418,1515 1494,1516 1571,1518 1648,1520 1724,1522 1801,1524 1877,1527 1954,1530 2030,1533 2107,1536 2183,1539 2260,1542 2337,1546 2337,1489 2260,1485 2183,1482 2107,1479 2030,1476 1954,1473 1877,1470 1801,1467 1724,1465 1648,1463 1571,1461 1494,1459 1418,1458 1341,1456 1265,1455 1188,1453 1112,1453 1035,1452 959,1452 882,1452 806,1452"/>
                <Baseline points="806,1490 882,1490 959,1490 1035,1490 1112,1491 1188,1491 1265,1493 1341,1494 1418,1496 1494,1497 1571,1499 1648,1501 1724,1503 1801,1505 1877,1508 1954,1511 2030,1514 2107,1517 2183,1520 2260,1523 2337,1527"/>
                <TextEquiv>
                    <Unicode>lempescha Et ce a raison de ce q lesd </Unicode>
                </TextEquiv>
            </TextLine>
            <TextLine id="r4l17" custom="readingOrder {index:16;} abbrev {offset:12; length:3;expansion:comme;}">
                <Coords points="816,1606 893,1603 970,1602 1048,1600 1125,1600 1203,1600 1280,1601 1357,1603 1435,1605 1512,1607 1590,1609 1667,1612 1744,1615 1822,1618 1899,1621 1977,1625 2054,1627 2131,1630 2209,1632 2286,1633 2364,1635 2364,1578 2286,1576 2209,1575 2131,1573 2054,1570 1977,1568 1899,1564 1822,1561 1744,1558 1667,1555 1590,1552 1512,1550 1435,1548 1357,1546 1280,1544 1203,1543 1125,1543 1048,1543 970,1545 893,1546 816,1549"/>
                <Baseline points="816,1587 893,1584 970,1583 1048,1581 1125,1581 1203,1581 1280,1582 1357,1584 1435,1586 1512,1588 1590,1590 1667,1593 1744,1596 1822,1599 1899,1602 1977,1606 2054,1608 2131,1611 2209,1613 2286,1614 2364,1616"/>
                <TextEquiv>
                    <Unicode>ses freres (coe elle disoit) la chargeoyent </Unicode>
                </TextEquiv>
            </TextLine>
            <TextLine id="r4l18" custom="readingOrder {index:17;}">
                <Coords points="821,1711 848,1709 875,1707 902,1707 929,1705 956,1707 983,1707 1010,1707 1037,1708 1064,1708 1091,1708 1118,1708 1145,1707 1145,1650 1118,1651 1091,1651 1064,1651 1037,1651 1010,1650 983,1650 956,1650 929,1648 902,1650 875,1650 848,1652 821,1654"/>
                <Baseline points="821,1692 848,1690 875,1688 902,1688 929,1686 956,1688 983,1688 1010,1688 1037,1689 1064,1689 1091,1689 1118,1689 1145,1688"/>
                <TextEquiv>
                    <Unicode>dinjure. </Unicode>
                </TextEquiv>
            </TextLine>
            <TextLine id="r4l19" custom="readingOrder {index:18;}">
                <Coords points="815,1914 889,1914 963,1914 1038,1914 1112,1914 1187,1914 1261,1914 1336,1914 1410,1915 1485,1915 1559,1917 1633,1918 1708,1920 1782,1921 1857,1923 1931,1923 2006,1926 2080,1927 2155,1929 2229,1930 2304,1932 2304,1875 2229,1873 2155,1872 2080,1870 2006,1869 1931,1866 1857,1866 1782,1864 1708,1863 1633,1861 1559,1860 1485,1858 1410,1858 1336,1857 1261,1857 1187,1857 1112,1857 1038,1857 963,1857 879,1819 805,1819"/>
                <Baseline points="815,1895 889,1895 963,1895 1038,1895 1112,1895 1187,1895 1261,1895 1336,1895 1410,1896 1485,1896 1559,1898 1633,1899 1708,1901 1782,1902 1857,1904 1931,1904 2006,1907 2080,1908 2155,1910 2229,1911 2304,1913"/>
                <TextEquiv>
                    <Unicode>Jehan perrin Girard voueble de Beurnevesain </Unicode>
                </TextEquiv>
            </TextLine>
            <TextLine id="r4l20" custom="readingOrder {index:19;}">
                <Coords points="825,1984 901,1983 978,1981 1054,1980 1131,1979 1207,1978 1284,1978 1360,1978 1437,1978 1513,1978 1590,1980 1666,1980 1743,1981 1819,1983 1896,1985 1972,1987 2049,1989 2125,1992 2202,1995 2278,1997 2355,2001 2355,1952 2278,1948 2202,1946 2125,1943 2049,1940 1972,1938 1896,1936 1819,1934 1743,1932 1666,1931 1590,1931 1513,1929 1437,1929 1360,1929 1284,1929 1207,1929 1131,1930 1054,1931 978,1932 901,1934 825,1935"/>
                <Baseline points="825,1968 901,1967 978,1965 1054,1964 1131,1963 1207,1962 1284,1962 1360,1962 1437,1962 1513,1962 1590,1964 1666,1964 1743,1965 1819,1967 1896,1969 1972,1971 2049,1973 2125,1976 2202,1979 2278,1981 2355,1985"/>
                <TextEquiv>
                    <Unicode>depose Quil y a environ quinze ans Que </Unicode>
                </TextEquiv>
            </TextLine>
            <TextLine id="r4l21" custom="readingOrder {index:20;} abbrev {offset:0; length:3;expansion:ladite;} textStyle {offset:23; length:4;strikethrough:true;}">
                <Coords points="825,2058 898,2058 971,2058 1044,2058 1117,2058 1190,2059 1263,2059 1336,2059 1409,2059 1482,2061 1555,2061 1628,2061 1701,2061 1774,2062 1847,2062 1920,2062 1993,2062 2066,2062 2139,2064 2212,2064 2286,2064 2286,2015 2212,2015 2139,2015 2066,2013 1993,2013 1920,2013 1847,2013 1774,2013 1701,2012 1628,2012 1555,2012 1482,2012 1409,2010 1336,2010 1263,2010 1190,2010 1117,2009 1044,2009 971,2009 898,2009 825,2009"/>
                <Baseline points="825,2042 898,2042 971,2042 1044,2042 1117,2042 1190,2043 1263,2043 1336,2043 1409,2043 1482,2045 1555,2045 1628,2045 1701,2045 1774,2046 1847,2046 1920,2046 1993,2046 2066,2046 2139,2048 2212,2048 2286,2048"/>
                <TextEquiv>
                    <Unicode>lad Agatte est chargee dune destre une </Unicode>
                </TextEquiv>
            </TextLine>
            <TextLine id="r4l22" custom="readingOrder {index:21;}">
                <Coords points="762,2195 841,2197 992,2145 1071,2146 1150,2146 1229,2148 1308,2149 1387,2149 1466,2151 1545,2152 1624,2154 1703,2155 1782,2157 1861,2160 1940,2161 2019,2163 2098,2166 2177,2167 2256,2170 2335,2173 2415,2176 2415,2119 2335,2116 2256,2113 2177,2110 2098,2109 2019,2106 1940,2104 1861,2103 1782,2100 1703,2098 1624,2097 1545,2095 1466,2094 1387,2092 1308,2092 1229,2091 1150,2089 1071,2089 992,2088 913,2088 834,2086"/>
                <Baseline points="834,2124 913,2126 992,2126 1071,2127 1150,2127 1229,2129 1308,2130 1387,2130 1466,2132 1545,2133 1624,2135 1703,2136 1782,2138 1861,2141 1940,2142 2019,2144 2098,2147 2177,2148 2256,2151 2335,2154 2415,2157"/>
                <TextEquiv>
                    <Unicode>sorciere. Et dit que ayant ung serviteur </Unicode>
                </TextEquiv>
            </TextLine>
            <TextLine id="r4l23" custom="readingOrder {index:22;} abbrev {offset:25; length:1;expansion:par;}">
                <Coords points="851,2232 930,2230 1010,2227 1090,2226 1170,2226 1250,2226 1330,2226 1410,2227 1490,2229 1570,2230 1650,2232 1730,2234 1810,2236 1890,2239 1970,2241 2050,2242 2130,2245 2210,2247 2290,2248 2370,2248 2370,2191 2290,2191 2210,2190 2130,2188 2050,2185 1970,2184 1890,2182 1810,2179 1730,2177 1650,2175 1570,2173 1490,2172 1410,2170 1330,2169 1250,2169 1170,2169 1090,2169 1010,2170 930,2173 851,2175"/>
                <Baseline points="851,2213 930,2211 1010,2208 1090,2207 1170,2207 1250,2207 1330,2207 1410,2208 1490,2210 1570,2211 1650,2213 1730,2215 1810,2217 1890,2220 1970,2222 2050,2223 2130,2226 2210,2228 2290,2229 2370,2229"/>
                <TextEquiv>
                    <Unicode>que chassoit des chevaux p decoste Le Curtil </Unicode>
                </TextEquiv>
            </TextLine>
            <TextLine id="r4l24" custom="readingOrder {index:23;}">
                <Coords points="845,2317 919,2314 993,2311 1067,2309 1141,2308 1215,2308 1289,2310 1363,2311 1437,2314 1511,2316 1585,2319 1659,2322 1733,2323 1807,2326 1881,2328 1955,2329 2029,2331 2103,2331 2177,2329 2251,2328 2325,2323 2325,2266 2251,2271 2177,2272 2103,2274 2029,2274 1955,2272 1881,2271 1807,2269 1733,2266 1659,2265 1585,2262 1511,2259 1437,2257 1363,2254 1289,2253 1215,2251 1141,2251 1067,2252 993,2254 919,2257 845,2260"/>
                <Baseline points="845,2298 919,2295 993,2292 1067,2290 1141,2289 1215,2289 1289,2291 1363,2292 1437,2295 1511,2297 1585,2300 1659,2303 1733,2304 1807,2307 1881,2309 1955,2310 2029,2312 2103,2312 2177,2310 2251,2309 2325,2304"/>
                <TextEquiv>
                    <Unicode>dicelle, quicelle champat quelque chose </Unicode>
                </TextEquiv>
            </TextLine>
            <TextLine id="r4l25" custom="readingOrder {index:24;}">
                <Coords points="824,2401 895,2397 966,2392 1037,2391 1108,2389 1179,2388 1250,2389 1322,2391 1393,2393 1464,2395 1535,2398 1606,2403 1677,2406 1748,2410 1820,2415 1883,2446 1962,2422 2033,2425 2104,2427 2159,2452 2231,2453 2247,2401 2175,2400 2104,2397 2033,2395 1962,2392 1891,2388 1820,2385 1748,2380 1677,2376 1606,2373 1535,2368 1464,2365 1393,2363 1322,2361 1250,2359 1179,2358 1108,2359 1037,2361 966,2362 879,2341 808,2345"/>
                <Baseline points="824,2391 895,2387 966,2382 1037,2381 1108,2379 1179,2378 1250,2379 1322,2381 1393,2383 1464,2385 1535,2388 1606,2393 1677,2396 1748,2400 1820,2405 1891,2408 1962,2412 2033,2415 2104,2417 2175,2420 2247,2421"/>
                <TextEquiv>
                    <Unicode>dont lung de ses plus beaulx chevaulx </Unicode>
                </TextEquiv>
            </TextLine>
            <TextLine id="r4l26" custom="readingOrder {index:25;}">
                <Coords points="1924,2463 1991,2461 2017,2463 2043,2465 2069,2467 2095,2468 2121,2466 2121,2436 2095,2438 2069,2437 2043,2435 2017,2433 1991,2431 1924,2433"/>
                <Baseline points="1965,2453 1991,2451 2017,2453 2043,2455 2069,2457 2095,2458 2121,2456"/>
                <TextEquiv>
                    <Unicode>jument</Unicode>
                </TextEquiv>
            </TextLine>
            <TextLine id="r4l28" custom="readingOrder {index:26;}">
                <Coords points="797,2488 904,2487 983,2485 1062,2485 1141,2484 1220,2485 1299,2485 1378,2487 1457,2488 1536,2490 1615,2493 1694,2496 1773,2499 1852,2503 1935,2523 2014,2528 2089,2515 2168,2521 2247,2525 2326,2530 2406,2536 2406,2506 2351,2459 2272,2454 2168,2491 2089,2485 2010,2481 1931,2476 1852,2473 1773,2469 1694,2466 1615,2463 1536,2460 1457,2458 1378,2457 1299,2455 1220,2455 1141,2454 1062,2455 983,2455 904,2428 797,2429"/>
                <Baseline points="825,2478 904,2477 983,2475 1062,2475 1141,2474 1220,2475 1299,2475 1378,2477 1457,2478 1536,2480 1615,2483 1694,2486 1773,2489 1852,2493 1931,2496 2010,2501 2089,2505 2168,2511 2247,2515 2326,2520 2406,2526"/>
                <TextEquiv>
                    <Unicode>devint a contreti. Laquelle ^ depuis fust </Unicode>
                </TextEquiv>
            </TextLine>
            <TextLine id="r4l29" custom="readingOrder {index:27;} abbrev {offset:9; length:1;expansion:par;} abbrev {offset:24; length:1;expansion:qui;} abbrev {offset:35; length:1;expansion:que;}">
                <Coords points="825,2575 899,2578 974,2580 1049,2581 1124,2583 1199,2584 1274,2586 1348,2587 1423,2589 1498,2590 1573,2592 1648,2594 1723,2597 1798,2600 1872,2604 1947,2608 2022,2615 2097,2622 2172,2629 2247,2638 2322,2647 2322,2590 2247,2581 2172,2572 2097,2565 2022,2558 1947,2551 1872,2547 1798,2543 1723,2540 1648,2537 1573,2535 1498,2533 1423,2532 1348,2530 1274,2529 1199,2527 1124,2526 1049,2524 974,2523 899,2521 825,2518"/>
                <Baseline points="825,2556 899,2559 974,2561 1049,2562 1124,2564 1199,2565 1274,2567 1348,2568 1423,2570 1498,2571 1573,2573 1648,2575 1723,2578 1798,2581 1872,2585 1947,2589 2022,2596 2097,2603 2172,2610 2247,2619 2322,2628"/>
                <TextEquiv>
                    <Unicode>medicine p ung vacheron q declaira q </Unicode>
                </TextEquiv>
            </TextLine>
            <TextLine id="r4l30" custom="readingOrder {index:28;} abbrev {offset:0; length:3;expansion:ladite;} textStyle {offset:18; length:2;strikethrough:true;}">
                <Coords points="843,2670 923,2671 1003,2673 1083,2674 1164,2677 1244,2680 1324,2682 1404,2685 1485,2687 1565,2691 1645,2694 1725,2696 1806,2700 1886,2703 1966,2706 2046,2708 2127,2712 2207,2715 2287,2717 2367,2720 2448,2722 2448,2665 2367,2663 2287,2660 2207,2658 2127,2655 2046,2651 1966,2649 1886,2646 1806,2643 1725,2639 1645,2637 1565,2634 1485,2630 1404,2628 1324,2625 1244,2623 1164,2620 1083,2617 1003,2616 923,2614 843,2613"/>
                <Baseline points="843,2651 923,2652 1003,2654 1083,2655 1164,2658 1244,2661 1324,2663 1404,2666 1485,2668 1565,2672 1645,2675 1725,2677 1806,2681 1886,2684 1966,2687 2046,2689 2127,2693 2207,2696 2287,2698 2367,2701 2448,2703"/>
                <TextEquiv>
                    <Unicode>lad jument estoit ?? grevee et laquelle mourut </Unicode>
                </TextEquiv>
            </TextLine>
            <TextLine id="r4l31" custom="readingOrder {index:29;} abbrev {offset:12; length:1;expansion:que;}">
                <Coords points="741,2769 911,2760 986,2763 1061,2768 1135,2771 1210,2775 1285,2779 1359,2782 1434,2786 1509,2789 1584,2792 1658,2794 1733,2797 1808,2800 1882,2803 1957,2806 2032,2809 2106,2812 2181,2815 2256,2818 2331,2821 2331,2773 2256,2770 2181,2767 2106,2764 2032,2761 1957,2758 1882,2755 1808,2752 1733,2749 1658,2746 1584,2744 1509,2741 1434,2738 1359,2734 1285,2731 1210,2727 1135,2723 1061,2720 986,2715 911,2712 741,2721"/>
                <Baseline points="837,2739 911,2744 986,2747 1061,2752 1135,2755 1210,2759 1285,2763 1359,2766 1434,2770 1509,2773 1584,2776 1658,2778 1733,2781 1808,2784 1882,2787 1957,2790 2032,2793 2106,2796 2181,2799 2256,2802 2331,2805"/>
                <TextEquiv>
                    <Unicode>Dit de plus q la femme Jehan muat </Unicode>
                </TextEquiv>
            </TextLine>
            <TextLine id="r4l32" custom="readingOrder {index:30;} abbrev {offset:8; length:3;expansion:audit;}">
                <Coords points="828,2857 883,2857 938,2857 993,2859 1049,2859 1104,2859 1159,2860 1215,2862 1270,2863 1325,2863 1381,2865 1436,2868 1491,2869 1546,2872 1602,2875 1657,2878 1712,2883 1768,2886 1823,2891 1878,2897 2347,2885 2349,2822 1880,2834 1823,2834 1768,2829 1712,2826 1657,2821 1602,2818 1546,2815 1491,2812 1436,2811 1381,2808 1325,2806 1270,2806 1215,2805 1159,2803 1104,2802 1049,2802 993,2802 938,2800 883,2800 828,2800"/>
                <Baseline points="828,2838 883,2838 938,2838 993,2840 1049,2840 1104,2840 1159,2841 1215,2843 1270,2844 1325,2844 1381,2846 1436,2849 1491,2850 1546,2853 1602,2856 1657,2859 1712,2864 1768,2867 1839,2870 2284,2874 2324,2881"/>
                <TextEquiv>
                    <Unicode>monstra aud Henri voelin un veau</Unicode>
                </TextEquiv>
            </TextLine>
            <TextLine id="r4l34" custom="readingOrder {index:31;}">
                <Coords points="1888,2924 1972,2919 2001,2922 2030,2923 2059,2925 2088,2925 2088,2894 2059,2894 2030,2892 2001,2891 1972,2888 1888,2893"/>
                <Baseline points="1910,2910 1938,2913 2001,2912 2030,2913 2059,2915 2088,2915"/>
                <TextEquiv>
                    <Unicode>celle </Unicode>
                </TextEquiv>
            </TextLine>
            <TextLine id="r4l35" custom="readingOrder {index:32;} abbrev {offset:12; length:3;expansion:ladite;} textStyle {offset:23; length:8;strikethrough:true;}">
                <Coords points="819,2934 897,2932 975,2932 1053,2934 1131,2935 1209,2937 1287,2938 1365,2941 1443,2944 1521,2947 1599,2950 1677,2953 1755,2956 1833,2959 1911,2962 1989,2965 2067,2967 2145,2968 2223,2968 2301,2970 2379,2968 2379,2938 2301,2940 2223,2938 2145,2938 2067,2937 1989,2935 1911,2932 1833,2929 1755,2926 1677,2923 1599,2920 1521,2917 1443,2914 1365,2911 1287,2908 1209,2907 1131,2905 1053,2904 975,2902 897,2902 819,2904"/>
                <Baseline points="819,2924 897,2922 975,2922 1053,2924 1131,2925 1209,2927 1287,2928 1365,2931 1443,2934 1521,2937 1599,2940 1677,2943 1755,2946 1833,2949 1911,2952 1989,2955 2067,2957 2145,2958 2223,2958 2301,2960 2379,2958"/>
                <TextEquiv>
                    <Unicode>ou y estant lad Agatte laquelle frappa </Unicode>
                </TextEquiv>
            </TextLine>
            <TextLine id="r4l36" custom="readingOrder {index:33;} abbrev {offset:0; length:3;expansion:ledit;} abbrev {offset:23; length:1;expansion:que;} abbrev {offset:37; length:3;expansion:ledit;}">
                <Coords points="831,3042 905,3039 979,3037 1053,3037 1127,3037 1201,3037 1275,3040 1349,3042 1423,3043 1497,3046 1572,3049 1646,3052 1720,3055 1794,3058 1868,3061 1942,3063 2016,3064 2090,3066 2164,3066 2238,3066 2313,3064 2313,3007 2238,3009 2164,3009 2090,3009 2016,3007 1942,3006 1868,3004 1794,3001 1720,2998 1646,2995 1572,2992 1497,2989 1423,2986 1349,2985 1275,2983 1201,2980 1127,2980 1053,2980 979,2980 905,2982 831,2985"/>
                <Baseline points="831,3023 905,3020 979,3018 1053,3018 1127,3018 1201,3018 1275,3021 1349,3023 1423,3024 1497,3027 1572,3030 1646,3033 1720,3036 1794,3039 1868,3042 1942,3044 2016,3045 2090,3047 2164,3047 2238,3047 2313,3045"/>
                <TextEquiv>
                    <Unicode>led veau dune vergette q incontinent led </Unicode>
                </TextEquiv>
            </TextLine>
            <TextLine id="r4l37" custom="readingOrder {index:34;}">
                <Coords points="760,3126 925,3123 1002,3123 1079,3123 1156,3123 1233,3125 1310,3126 1387,3129 1464,3132 1541,3135 1618,3138 1695,3141 1772,3144 1849,3147 1926,3150 2003,3153 2080,3155 2157,3157 2234,3159 2311,3159 2388,3160 2388,3103 2311,3102 2234,3102 2157,3100 2080,3098 2003,3096 1926,3093 1849,3090 1772,3087 1695,3084 1618,3081 1541,3078 1464,3075 1387,3072 1310,3069 1233,3068 1156,3066 1079,3066 1002,3066 925,3066 760,3069"/>
                <Baseline points="848,3105 925,3104 1002,3104 1079,3104 1156,3104 1233,3106 1310,3107 1387,3110 1464,3113 1541,3116 1618,3119 1695,3122 1772,3125 1849,3128 1926,3131 2003,3134 2080,3136 2157,3138 2234,3140 2311,3140 2388,3141"/>
                <TextEquiv>
                    <Unicode>veau vint accoutrety et morut Et disoit </Unicode>
                </TextEquiv>
            </TextLine>
            <TextLine id="r4l38" custom="readingOrder {index:35;} abbrev {offset:0; length:3;expansion:Ladite;} abbrev {offset:10; length:3;expansion:dudit;} abbrev {offset:31; length:1;expansion:que;} abbrev {offset:33; length:3;expansion:ladite;}">
                <Coords points="771,3243 849,3235 927,3229 1006,3226 1084,3223 1163,3221 1241,3220 1319,3220 1398,3222 1476,3223 1555,3225 1633,3229 1711,3231 1790,3234 1868,3237 1947,3240 2025,3243 2103,3246 2182,3247 2260,3249 2339,3249 2339,3192 2260,3192 2182,3190 2103,3189 2025,3186 1947,3183 1868,3180 1790,3177 1711,3174 1633,3172 1555,3168 1476,3166 1398,3165 1319,3163 1241,3163 1163,3164 1084,3166 1006,3169 927,3172 849,3178 771,3186"/>
                <Baseline points="771,3224 849,3216 927,3210 1006,3207 1084,3204 1163,3202 1241,3201 1319,3201 1398,3203 1476,3204 1555,3206 1633,3210 1711,3212 1790,3215 1868,3218 1947,3221 2025,3224 2103,3227 2182,3228 2260,3230 2339,3230"/>
                <TextEquiv>
                    <Unicode>Lad femme dud muat ouvertement q lad </Unicode>
                </TextEquiv>
            </TextLine>
            <TextEquiv>
                <Unicode>Du 12 daougst 1609 
Informats prinse doffice Cont Agatte 
femme de henri vouelin de Beurnevesain 
Sur les faiclz dont Il est accusee de vouloir 
mectre le feu es maisons des freres de son 
‸ mari 
‸ son mari 
Led henri vouelin [même signe ut supra!] a librement en pntce des
tesmoings suigvans declaire q sad femme 
avoit p plusrs et reyterees fois dit quelle 
lui 
mectroit le feu es maisons des freres de sond 
mari. Et quelle sestoit p deux ou trois Nuit 
voulsus relever pour mectre en execution 
telle entreprinse ne fust este q lui 
lempescha Et ce a raison de ce q lesd 
ses freres (coe elle disoit) la chargeoyent 
dinjure. 
Jehan perrin Girard voueble de Beurnevesain 
depose Quil y a environ quinze ans Que 
lad Agatte est chargee dune destre une 
sorciere. Et dit que ayant ung serviteur 
que chassoit des chevaux p decoste Le Curtil 
dicelle, quicelle champat quelque chose 
dont lung de ses plus beaulx chevaulx 
jument
devint a contreti. Laquelle ^ depuis fust 
medicine p ung vacheron q declaira q 
lad jument estoit ?? grevee et laquelle mourut 
Dit de plus q la femme Jehan muat 
monstra aud Henri voelin un veau
celle 
ou y estant lad Agatte laquelle frappa 
led veau dune vergette q incontinent led 
veau vint accoutrety et morut Et disoit 
Lad femme dud muat ouvertement q lad </Unicode>
            </TextEquiv>
        </TextRegion>
    </Page>
</PcGts>
