2633 3956
519 1025 582 1178 3
588 513 652 563 1
1286 189 2199 285 Du 24 de Novembre 1608
1196 296 2474 399 Interrogaulx faict a Annelin vefve de
1235 389 2393 459 Pierrat vauthier, de Courthedoubs
800 537 2327 633 A quelle raison elle est estee tiree en prison.
578 745 2351 831 2 Sy point elle a frappe au Louvre lucie fille
846 829 1389 890 Pierre Broingne
620 877 854 954 Negat
767 1044 2511 1165 Sy point elle a heu frappe lenfant henri Coinson
701 1108 923 1183 Negat
765 1307 2307 1436 Sy point elle a heu greve a la femme dud
579 1389 654 1459 4
792 1408 1283 1474 henri Coinson
657 1486 954 1552 Negat
788 1618 2367 1777 Quel passes de vache se retreuvyent
785 1733 2475 1882 derrier sa maison et dessus son toict en temps
542 1757 625 1839 5
776 1828 998 1880 dhivers
692 1893 2556 1976 Respond que ce nest seulement derrier chies elle mais ptout le vilage
779 2020 2514 2151 Qui estoit ce Noir homme que se retreuvoit
525 2124 629 2203 6
812 2116 2499 2259 en son poille et en sa maison que son fils aveu
809 2222 1310 2306 souventesfois
599 2288 834 2365 Negat
792 2430 2370 2564 Pourquoi elle a baptuz son fils que lavoit
795 2528 1082 2583 divulgue
678 2588 920 2651 Negat
756 2744 2330 2842 Quell estoit cest homme que fust avec elle
786 2845 2529 2941 devant les fenestres de Vernier thorel q vouloit
558 2916 636 2985 8
777 2932 2448 3030 donner de largent a la femme dud Vnier
762 3024 2547 3121 pour payer les emendes Que lad femme debvoit
495 3106 746 3174 Negat
732 3173 2445 3336 Qui a cause la maladie de lad femme dud
558 3262 609 3328 9
714 3336 2442 3425 vnier quelle avoit les mains closes Et p apres
757 3412 1439 3469 perdit La parolle
558 3525 825 3573 Negat
