2754 3743
761 225 2315 336 Item que sont passe trois sepmaines elle
804 325 2340 425 Jecta dud poulsat sur lung des chevaulx
801 413 2244 503 de Moriqua hennin et aussi le lundi
803 505 2319 594 avant quelle fut prisonniere en avoit
794 596 2310 688 jecte sur une vache estant a Jaicque
810 683 2391 795 maillat mais ne scait sy lesd cheval
801 779 1658 859 et vache en son mort
779 965 2325 1061 Item confesse avoir jecte dud poulsat
807 1066 2355 1153 sur lenfant de Jaicque maillat de sorte
803 1167 2376 1264 quil en est devenu tout debille et malade
800 1258 2229 1356 Lequel mal elle ne lui seroit oster
822 1349 1800 1429 Pour lavoir trop porte
1737 1458 2018 1537 [signe d'insertion] ung peu
726 1539 2265 1628 Item confesse quelle meit [signes d’insertion] dud poulsat
794 1625 2339 1734 en une soppe quelle feist a la femme
740 1722 2214 1802 de son filz, et que layant mange
786 1818 2340 1909 Icelle devint fort malade. Et q la
810 1917 2268 2012 Dame de Gallfingen lui a depuis
795 2024 1488 2097 oste le mal.
765 2199 2157 2280 Item de plus confesse que avec dud
819 2288 2336 2387 poulsat elle a faict mourir Borquin
797 2382 2213 2480 filz de Perrin hennin et Richarde sa
822 2476 2333 2585 femme pce quilz avoyent mal ple
792 2575 2387 2687 delle et dit quelle Leur avoit derobe
825 2678 1382 2756 ung fleurie
983 2876 2241 2953 Lad Aignelatte fust le premier de
981 2954 2303 3025 Septembre 1609 condempnee destre
989 3030 2307 3098 Bruslee toute vive mais p grace
1017 3108 2285 3193 fust decapitee et desla son corps
1032 3190 1604 3280 jecte au feug
