2623 3993
693 201 2502 344 Anne vefve henri Villain dud Courthedoubs, depose
713 335 2529 438 questant une fois aux Louvres Lad, Annelin frapit
701 423 2472 521 Lad deposante de la main sur la droite espaule
695 515 2361 600 En sorte q le Lendemain elle deposante fust
707 608 2346 688 Impotante de la droite ptie de son corps.
699 704 2462 807 Ce quayant deposante aperceu et sestant mescrus
686 805 2436 895 quelle Lui auroit donne tel mal. Surce q
717 904 2525 976 deposante avoit ouys dire que quant on estoit
725 991 2484 1081 greve quon debvoit prendre de neufz sortes derbes
695 1087 2316 1171 du curtil de ceulx quon se mescroit. Elle
681 1181 2423 1274 deposante alla prendre de neufz sortes derbes
723 1281 2478 1376 au curtil dicelle, quelle cuyt en faist une
740 1392 2339 1480 soppe et la mangea dont deans huit Jours
701 1483 2544 1595 ensuiguant elle fust guarie. Et croit fermement
726 1580 2430 1684 que plattouchement pred telle maladie Lui
698 1673 1205 1762 estoit advenue.
669 1870 2283 1968 Esibel, femme henry Vellain dud Courthedoubs
687 1960 2415 2070 depose quelle este ester malade en ung genoil
710 2055 2361 2142 mais ne scait dou procede telle maladie.
713 2147 1479 2225 Ne scait aultre chose.
