2607 3803
96 188 560 252 questoyent sur le
134 257 356 302 grenier
86 506 575 570 xo le Cymetiere de
131 555 437 606 Souharce.
86 1694 512 1740 mais ne scait se
95 1751 578 1793 Sy celle quest morte
98 1800 554 1848 ou non  et ce pce
110 1856 561 1899 quelle ne lui avoit
96 1911 534 1953 volsus donner des
83 1974 374 2022 Blaisons
710 141 2433 230 Jecta dud poulsat sur les porcs Caspar vallat
717 213 2457 307 lesquex en morurent Et ce pource que led Caspar
681 286 1524 353 Lacusoit pour des paulx
681 425 2418 507 Confesse avoir jete du poulsat sur lung des chevaulx
707 509 1191 543 ches mori guyon
1332 505 2394 562 quen morut que devint gairis lui ayant
687 551 2511 614 oste le mal avec de lerbe et de la terre quelle avoit prins sur xo
687 619 2420 711 Confesse que sont huict ans quil ne la approche
702 691 2451 806 pour ce quelle pourtoit ordinairement aupres delle
681 783 2400 879 du pain benit et de la charitai de pasque et dela
686 830 858 862 Rutte
651 884 2430 1022 Et que sond(it) m(ait)re hemerlin La sollicitatt de jecter
638 958 1331 1029 La lad(ite) charretai
680 1073 2295 1197 Dit que sont huict ans que ne lui ayant
671 1157 2226 1275 volsus, Jehan du prai aller querir du bois
654 1243 2361 1374 quelle avoit jecte dud poulsat sur deux siens
675 1328 903 1391 porcs.
668 1438 2379 1568 Dit avoir frotte une vergette de la graise Que
689 1528 2369 1644 sond mre lui avoit donne et en avoir frappe
657 1604 2417 1721 La fille Caspar vallat questoit devenue malade
666 1688 2393 1799 Mais quicelle devint guairie avec des cholz que
627 1787 1905 1876 lom fust prendre au Curtil delle
630 1927 2316 2026 Quelle alloit au rond bois de millandre au
624 2012 2307 2095 Sabath et quelle avoit allors sa compagnie
1128 2188 2274 2268 Le 19 dud mois du matin sans
1086 2272 1895 2339 gehenne ni torture.
632 2404 2430 2493 Icelle a repete et recognuz les articles cydevant
659 2483 1412 2549 escriptz sans variat.
1157 2623 1812 2685 Le 21 dud mois
636 2732 2288 2813 Surce que Alix vefve George Rossel lavoit
672 2810 2270 2883 accuse destre sa complice et sur les inficiat
657 2891 2211 2954 negats dicelle Adelheit icelle fust mis
653 2977 2291 3034 a la torture, Ou elle recognut les faitz
644 3046 845 3113 pred
633 3124 2400 3189 Mais que oncques elle navoit heu complices ni
666 3199 2346 3270 compagne sinon son mre et surce sostint
623 3281 1520 3342 La question constamment.
627 3397 2034 3470 Confesse les porcs Guille bel du prai
