2617 4010
429.0 460.0 207.0 91.0 Anne

351.0 577.0 359.0 119.0 Boulay

1269.0 96.0 138.0 82.0 +

1562.0 154.0 490.0 72.0 1603, avril 16

1031.0 238.0 1294.0 100.0 Information secrete prinse doffice,

1043.0 336.0 1362.0 91.0 Contre Annelin fille henrisat Boulai

1058.0 418.0 1419.0 90.0 de Couurthedoubs et vefve de feu Pierrat

1121.0 514.0 1357.0 87.0 Vauthier dud lieu, ce 16 dapvril 1603.

795.0 754.0 1548.0 97.0 Jehan villain dud Courthedoubs, Par serement

789.0 836.0 1683.0 110.0 depose, Que Ilz avoyent p ci devant du bestial

794.0 925.0 1519.0 96.0 questoit malade et signament ung juvencel

782.0 1026.0 1581.0 80.0 dont estant aux Lovres entre aultres une

780.0 1119.0 1529.0 83.0 femme ou fille dit que sil avoyent malle

785.0 1218.0 1644.0 82.0 mescreance que les bestes fusent grevees que

800.0 1315.0 1677.0 93.0 sil sy elle mouroyent quon debvoit baptre le

833.0 1429.0 1629.0 70.0 Ling et quon verroit bien qui auroit causse

791.0 1516.0 1705.0 97.0 cela. Et estant led juvencel mort deposant

810.0 1621.0 1515.0 78.0 print ung fleau et baptit fort le ling

792.0 1723.0 1566.0 78.0 dicelui. Surquoi la feue feme de  Ge

813.0 1816.0 1656.0 85.0 Jehan Burin dit que Lad Annelin estoit fort

806.0 1921.0 1248.0 68.0 marquee et blessee p le visaige.

801.0 2121.0 1590.0 103.0 Claude vefve de feu Jehan maillat jadis Mayre

834.0 2208.0 1589.0 91.0 a Courthedoubs depose, Quelle deposante

846.0 2295.0 1595.0 91.0 a heu mauvaise opinion depuis quelle a ouys

816.0 2386.0 1575.0 84.0 dire que lad Annelin avoit greve a la fille

819.0 2485.0 1692.0 91.0 Pierre Broingne. En ce quelle deposante avoit

828.0 2577.0 1647.0 87.0 Une fille que devint tout enflee de laquelle

824.0 2658.0 1672.0 98.0 elle mourut. Et ce doultant que sad fille

825.0 2750.0 1572.0 93.0 avoit perdus sa coiffe aux Lovres et pce

834.0 2842.0 1631.0 103.0 quon chargeoit La fille de lad Annelin lavoir

840.0 2941.0 1640.0 114.0 cache, deposante dit avoir heu ceste opinion

858.0 3033.0 512.0 83.0 depuis delle.
