2754 3743
792.0 173.0 1674.0 149.0 Jehan mahon de Beurnevesain depose Que

785.0 328.0 1576.0 61.0 par ung soir en pntce de plusrs Que led

818.0 409.0 1566.0 76.0 Henri se declaira que Il avoit empeiche p

806.0 508.0 1680.0 55.0 deux ou trois nuct sa femme que se vouloit

807.0 583.0 1665.0 76.0 relever pour aller mectre le feug en la

804.0 680.0 1722.0 70.0 maison de ses freres Et quil sen deschargeoit

798.0 740.0 452.0 42.0 de tel faict

765.0 802.0 1629.0 73.0 Dit quil a ouys dire Que lon chargeoit et

810.0 881.0 1661.0 75.0 suspitionoit sont plus de quinze ans que lad

791.0 960.0 1720.0 66.0 Agatte estoit une genauche Et quelle avoit

818.0 1043.0 1693.0 68.0 fait a mourir des enffans a Bastien simon

800.0 1121.0 1678.0 81.0 et quon lui reprochoit ouvertement Coe aussi

830.0 1210.0 1578.0 76.0 fait mourir ung veau a Jehan muat et dune

809.0 1291.0 1624.0 64.0 une jument au voueble mesme quelle

824.0 1373.0 1605.0 77.0 avoit greve et tire les yeulx a lenfant de

813.0 1454.0 1571.0 84.0 henri guenat Et de plus greve et donne

773.0 1552.0 1590.0 67.0 La maladie a Richard chavanne de Cueve

822.0 1636.0 1557.0 85.0 questoit pour lors son serviteur. Et de

801.0 1723.0 1653.0 67.0 plus a opinion quelle lui a fait a mourir

776.0 1802.0 484.0 74.0 une jument.

836.0 1985.0 1483.0 71.0 Jehan pbtre Prestre de Beurnevesain

782.0 2074.0 1569.0 63.0 depose q dimenche devant le mostier

806.0 2160.0 1548.0 62.0 que led en pntce de Jaicque chevrolet

816.0 2238.0 1557.0 57.0 Que led henri dit Que Il se vouloit

801.0 2318.0 1710.0 69.0 descharger p devant eulx Que sad femme

828.0 2420.0 1662.0 63.0 sestoit voulu relever pour mectre le feu

840.0 2515.0 1650.0 147.0 en la maison de ses freres. Ce q led henri

822.0 2599.0 1524.0 72.0 raconta derechieff sur le soir devant

815.0 2699.0 258.0 66.0 plusrs

797.0 2791.0 1659.0 57.0 Dit avoir ouys dire a plusrs quelle estoit

845.0 2866.0 1666.0 61.0 genauche et quon lui avoit plusrs fois reproche

846.0 2936.0 1124.0 77.0 sans quelle sen soit purgee

825.0 3009.0 1668.0 89.0 dit quon la charge davoir creve les yeulx au a

837.0 3113.0 1625.0 73.0 lenfant henri guenat, fait mourir les
