2544 3751
552.0 227.0 1832.0 157.0 Vernier perrial dud Courthedoubs par serment

780.0 356.0 1575.0 96.0 a depose Que deposant avoit la fille de

752.0 438.0 1500.0 125.0 Pierre Broingne pour servande Laquelle

749.0 495.0 1497.0 127.0 estant alle au Louvre, fust frappee p lad

676.0 606.0 298.0 114.0 Annelin

678.0 590.0 1679.0 122.0 Lucie laquelle servande depuis vint inpotente

761.0 688.0 1491.0 121.0 et disoit Lad servande q telle maladie

683.0 767.0 1611.0 118.0 Lui estoit derivee du coup quelle avoit receu

753.0 859.0 1544.0 99.0 de lad Luc Annelin. Et dit encore

753.0 931.0 1509.0 139.0 tousjour ouys dire q lad Annelin estoit une

722.0 1067.0 333.0 98.0 sorciere

675.0 1287.0 1665.0 229.0 Henri Coinson dudi Courthedoubs depose que

700.0 1405.0 1562.0 89.0 Lui deposant avoit ung enffant q devint

737.0 1490.0 1633.0 104.0 malade et layant interrogue dou venoit ceste

719.0 1560.0 1575.0 112.0 maladie respondit que sestoit Annelin q

687.0 1661.0 1568.0 116.0 Lavoit frappe, et depuis sestant estoit

749.0 1740.0 1589.0 164.0 revenue en quelque peu de convalescence

740.0 1843.0 702.0 108.0 morut tos apres.

1745.0 1876.0 163.0 62.0 de lui

653.0 1952.0 1693.0 109.0 Dit q de plus que la femme du deposant p

658.0 2007.0 1660.0 131.0 une fois estant en son curtil travaillant

735.0 2091.0 1641.0 129.0 lad Annelin la rescria quelle travaillioit

744.0 2175.0 1589.0 152.0 bien a la certer  Et le soir dud jour venu

651.0 2272.0 1689.0 155.0 Lad femme dud deposant vint malade Et

744.0 2390.0 1530.0 133.0 ayant deposant Interrogue sad femme

686.0 2480.0 1591.0 130.0 dou procedoit telle maladie, elle respondit

726.0 2582.0 1529.0 156.0 quelle avoit opinion q lad Annelin lui

762.0 2685.0 1523.0 126.0 avoit donne lad maladie, de laquelle

734.0 2738.0 1454.0 159.0 environ quinze jours apres elle morut.

557.0 2865.0 1812.0 117.0 Dit de plus q la maison, et vergier de lad Annelin

720.0 2979.0 1640.0 101.0 est proche de celle du deposant. Et avoir veu

726.0 3030.0 1614.0 138.0 en hiver lors des neiges des passees comme
