2642 3818
1158.0 108.0 711.0 64.0 Le 19 19 dud mois

668.0 217.0 1713.0 79.0 Lad Alix estant interrogué dit que sont deux

146.0 306.0 277.0 46.0 A depuis

756.0 296.0 1674.0 73.0 ans Que Caspar vallat la vint solliciter daller

170.0 354.0 369.0 61.0 deculpe led

728.0 379.0 1638.0 84.0 p ensemble ent nuit et jour derrier chastillion

158.0 421.0 432.0 69.0 Caspar et dit

747.0 453.0 1235.0 97.0 ou estant ne treuvarent personne

155.0 479.0 460.0 68.0 Lui faire tord

180.0 545.0 440.0 73.0 a raison de ce

170.0 606.0 544.0 70.0 q led Caspar lavoit

755.0 637.0 1662.0 76.0 Dit navoir treuver son mre charbon sinon deux

179.0 675.0 492.0 54.0 accuse de lavoir

743.0 718.0 1677.0 70.0 fois lune des fois sont 10 ans passes derrier

168.0 740.0 401.0 49.0 treuve en son

174.0 797.0 197.0 46.0 curtil

731.0 798.0 1716.0 85.0 ches elle et lors quelle se donna a lui et quelle

740.0 883.0 1735.0 83.0 Renuncea dieu, Cresme et baptesme et leur heust

761.0 967.0 1663.0 83.0 sa compagnie Et quatre ans apres lors quil

734.0 1054.0 1756.0 74.0 Lalla treuver quelle alloit aux au bois es combe

758.0 1143.0 1659.0 72.0 combes de vaulx genai Et que pour lors Il estoit

771.0 1230.0 1629.0 76.0 vestus de gris Et heust sa compagnie et

752.0 1327.0 1225.0 65.0 lui donna derechieff du poulsat

723.0 1453.0 1701.0 86.0 Dit nestre este que deux fois derrier chastillion

756.0 1542.0 1710.0 87.0 ou estoient la vefve Guenin vne et Adelheit

137.0 1599.0 396.0 52.0 les a depuis

729.0 1629.0 695.0 73.0 quest prisonniere

135.0 1665.0 308.0 58.0 deculpe

720.0 1726.0 1706.0 71.0 Lune des fois y alloyent a pied et laultre des fois

750.0 1815.0 549.0 66.0 sur ung baston

735.0 1918.0 1668.0 80.0 Ouquel lieu Il y avoit du feug Et y en avoit

767.0 2002.0 1104.0 72.0 plusrs quavoyent des chaperons.

728.0 2127.0 1647.0 69.0 Dit que au mesme lieu dud Sabath derrier

765.0 2217.0 1722.0 60.0 chastillion estoyent la vefve Pierrat girardat

771.0 2295.0 1746.0 70.0 et la femme Nicolas quain questoyent accopagnees

129.0 2368.0 425.0 62.0 les a depuis

743.0 2377.0 663.0 69.0 de chacn leur mre

149.0 2434.0 330.0 73.0 deculpe.

671.0 2496.0 1701.0 93.0 Et que aud lieu estoyent aussi la vouille la

756.0 2589.0 1710.0 67.0 bonne femme de Boix et la Phillippe dud lieu

1106.0 2838.0 1086.0 36.0 Le 21 dud mois estant

744.0 2920.0 1728.0 93.0 derechieff simplement Intterroguee a dit tout

756.0 3004.0 1509.0 81.0 entierement mis duny les faictz p elle

786.0 3090.0 1569.0 81.0 cy devant escriptz et declaires quelle se

774.0 3186.0 801.0 72.0 faisoit grand tord.

750.0 3303.0 1664.0 63.0 Surquoi veu lesd preuves et informats levees
