2596 3832
1163.0 126.0 1167.0 81.0 Proces Criminel de Alix vefve

1208.0 212.0 1257.0 74.0 George Rossel de Boncourt accusee

1182.0 296.0 960.0 53.0 et saisie pour sortilege

1055.0 430.0 810.0 70.0 Le 17 de may 1610

683.0 551.0 1704.0 90.0 Lad Alix estant Interrogue Sur les faictz dont elle

719.0 637.0 1701.0 82.0 estoit accusee et sur les Informats prin levees

692.0 719.0 1563.0 82.0 doffice le matin na rien volsus confesser.

683.0 806.0 1779.0 104.0 Surquoy luy fust donne terme jusques apres disne.

1325.0 920.0 673.0 83.0 Apres disne dud jour

719.0 1021.0 1716.0 130.0 Na rien volsus confesser. Dont elle fust condempnee

729.0 1106.0 668.0 62.0 a la tourture.

735.0 1190.0 1667.0 105.0 Ou estant simplement solevee de terre confessa

732.0 1265.0 1653.0 96.0 Quil y a environ dix ans, Qung homme ent

729.0 1344.0 1551.0 92.0 nuit et jour sadressa a elle. Luy donna du

740.0 1419.0 1561.0 104.0 poulsat pour nuire a gens et a bestes. Et

714.0 1514.0 1674.0 102.0 Lui donna de lor et de largent mais ce ne fust

722.0 1598.0 1611.0 97.0 q des feuilles de chasnes Et la sollicita de

738.0 1686.0 1709.0 83.0 Renuncer dieu Cresme et baptesme ce quelle

732.0 1765.0 1680.0 85.0 feist. Et heust alors sa compagnie questoit

728.0 1862.0 1632.0 87.0 merveleusement froide Et dit quil sappelloit

726.0 1951.0 233.0 70.0 charbon.

705.0 2081.0 1779.0 98.0 Dit que dud Poulsat elle en avoit jecte sur une

731.0 2165.0 1489.0 80.0 vache de Nicolas guyon Laquelle en morut

735.0 2302.0 1736.0 94.0 Plus en jecta sur ung cheval de Pierrat Borquenei

725.0 2398.0 1728.0 75.0 questoit devant sa maison lequel en mourut Et

729.0 2484.0 1628.0 60.0 ce a raison de ce q led Bourquenei ne lui

689.0 2567.0 1804.0 68.0 poyoit point sa chievre q ses chiens lui avoient

701.0 2653.0 231.0 72.0 gaste

720.0 2763.0 1752.0 79.0 Plus dit quelle en avoit aussi jecte ung cheval

743.0 2847.0 1630.0 79.0 chastrels de poil gris questoit a mori guyon,

720.0 2943.0 1679.0 56.0 sont 6 ans a Raison de ce q led Mori ne lui

729.0 3009.0 1742.0 65.0 vouloit donner aulcune recompense de sa maison

719.0 3091.0 619.0 49.0 quil avoit heu.
