2623 3993
693.0 201.0 1809.0 143.0 Anne vefve henri Villain dud Courthedoubs, depose

713.0 341.0 1816.0 97.0 questant une fois aux Louvres Lad, Annelin frapit

701.0 430.0 1771.0 91.0 Lad deposante de la main sur la droite espaule

695.0 521.0 1666.0 79.0 En sorte q le Lendemain elle deposante fust

707.0 620.0 1639.0 68.0 Impotante de la droite ptie de son corps.

699.0 711.0 1763.0 96.0 Ce quayant deposante aperceu et sestant mescrus

686.0 806.0 1750.0 89.0 quelle Lui auroit donne tel mal. Surce q

717.0 905.0 1808.0 71.0 deposante avoit ouys dire que quant on estoit

725.0 993.0 1759.0 88.0 greve quon debvoit prendre de neufz sortes derbes

695.0 1094.0 1621.0 75.0 du curtil de ceulx quon se mescroit. Elle

681.0 1183.0 1742.0 91.0 deposante alla prendre de neufz sortes derbes

723.0 1286.0 1755.0 90.0 au curtil dicelle, quelle cuyt en faist une

740.0 1395.0 1599.0 85.0 soppe et la mangea dont deans huit Jours

701.0 1487.0 1843.0 108.0 ensuiguant elle fust guarie. Et croit fermement

726.0 1580.0 1704.0 104.0 que plattouchement pred telle maladie Lui

698.0 1673.0 507.0 89.0 estoit advenue.

669.0 1873.0 1614.0 95.0 Esibel, femme henry Vellain dud Courthedoubs

687.0 1961.0 1728.0 109.0 depose quelle este ester malade en ung genoil

710.0 2061.0 1651.0 81.0 mais ne scait dou procede telle maladie.

713.0 2149.0 766.0 76.0 Ne scait aultre chose.
