2565 3746
432.0 2666.0 163.0 158.0 22

762.0 225.0 1470.0 77.0 faschee de sorte q tout Instamment lad

753.0 324.0 1580.0 68.0 seure dud deposant devint malade, et disoit

743.0 410.0 1518.0 79.0 que lad Annelin lui avoit donne le mal

762.0 511.0 1440.0 74.0 dequoi elle morut quelque temps apres.

672.0 626.0 1607.0 91.0 Dit quil a tousjours ouys appeller sorciere

746.0 842.0 1635.0 90.0 Jehan Jordain dud Courthedoubs Pas serement depose

797.0 934.0 1533.0 92.0 quil a de long temps ouys suspitionner lad

776.0 1022.0 1530.0 93.0 Annelin estre une sorciere aultre chose nen

791.0 1129.0 162.0 61.0 scait.

723.0 1274.0 1664.0 87.0 Nicolas torel dud Courthedoubs depose que lui

752.0 1358.0 1551.0 74.0 deposant a heu des chievres que ne vouloyent

767.0 1421.0 1569.0 89.0 donner leur laict, et questant este advertis

752.0 1507.0 1503.0 90.0 de leur voisins de prendre des herbes au

773.0 1593.0 1557.0 74.0 curtil de ceulx quil se mefioyent et en

761.0 1689.0 1575.0 74.0 leur en donner, a manger quelles guairiroyent

768.0 1777.0 1487.0 83.0 Ce que la femme dud deposant a heu

779.0 1877.0 1659.0 79.0 execute Que tousjour lesd chievres rendoyent

759.0 1966.0 1670.0 83.0 Leur laict Et dit avoir fait cela a reyterrees fois.

759.0 2162.0 1584.0 76.0 Dedie villain p serement depose, que p une fois

770.0 2237.0 1647.0 85.0 la mere de deposant ayant apporte au marche

768.0 2338.0 1569.0 88.0 vendre du beurre Lad Annelin le tint et

759.0 2435.0 1518.0 75.0 mania. Et estant retour, les vaches dud

756.0 2542.0 1554.0 67.0 deposant donnoyent du laict quon heust

783.0 2638.0 1614.0 88.0 bien trayne ptout le villaige. Sur quoi estant

731.0 2753.0 1662.0 69.0 La mere dud deposant estee conseillee elle

788.0 2851.0 1474.0 73.0 fust prendre des herbes au curtil delle

762.0 2942.0 1560.0 88.0 lad Annelin, et en donna a manger aux vaches
