2633 3956
519.0 1025.0 63.0 153.0 3

588.0 513.0 64.0 50.0 1

1286.0 189.0 913.0 96.0 Du 24 de Novembre 1608

1196.0 296.0 1278.0 103.0 Interrogaulx faict a Annelin vefve de

1235.0 389.0 1158.0 70.0 Pierrat vauthier, de Courthedoubs

800.0 538.0 1527.0 95.0 A quelle raison elle est estee tiree en prison.

578.0 749.0 1773.0 82.0 2 Sy point elle a frappe au Louvre lucie fille

846.0 830.0 543.0 60.0 Pierre Broingne

620.0 877.0 234.0 77.0 Negat

767.0 1049.0 1744.0 116.0 Sy point elle a heu frappe lenfant henri Coinson

701.0 1108.0 222.0 75.0 Negat

765.0 1307.0 1542.0 129.0 Sy point elle a heu greve a la femme dud

579.0 1389.0 75.0 69.0 4

792.0 1410.0 491.0 64.0 henri Coinson

657.0 1486.0 297.0 63.0 Negat

788.0 1620.0 1579.0 157.0 Quel passes de vache se retreuvyent

785.0 1733.0 1690.0 149.0 derrier sa maison et dessus son toict en temps

542.0 1757.0 83.0 82.0 5

776.0 1828.0 222.0 52.0 dhivers

692.0 1893.0 1864.0 83.0 Respond que ce nest seulement derrier chies elle mais ptout le vilage

779.0 2020.0 1735.0 131.0 Qui estoit ce Noir homme que se retreuvoit

525.0 2124.0 104.0 79.0 6

812.0 2116.0 1687.0 143.0 en son poille et en sa maison que son fils aveu

809.0 2222.0 501.0 84.0 souventesfois

599.0 2288.0 235.0 77.0 Negat

792.0 2430.0 1578.0 134.0 Pourquoi elle a baptuz son fils que lavoit

795.0 2531.0 287.0 52.0 divulgue

678.0 2593.0 242.0 58.0 Negat

756.0 2744.0 1574.0 98.0 Quell estoit cest homme que fust avec elle

786.0 2845.0 1743.0 96.0 devant les fenestres de Vernier thorel q vouloit

558.0 2916.0 78.0 69.0 8

777.0 2932.0 1671.0 98.0 donner de largent a la femme dud Vnier

762.0 3024.0 1785.0 97.0 pour payer les emendes Que lad femme debvoit

495.0 3106.0 251.0 68.0 Negat

732.0 3173.0 1713.0 163.0 Qui a cause la maladie de lad femme dud

558.0 3262.0 51.0 66.0 9

714.0 3337.0 1728.0 85.0 vnier quelle avoit les mains closes Et p apres

757.0 3412.0 682.0 54.0 perdit La parolle

558.0 3526.0 267.0 39.0 Negat
