2649 3967
699.0 244.0 1815.0 69.0 Qui a cause La maladie des chevaulx de Guilliame

504.0 288.0 78.0 75.0 10

765.0 323.0 251.0 58.0 perreal

533.0 368.0 1507.0 96.0 Negat dit bien scavoir quil lui en soit beaulxcoup mors

746.0 490.0 1662.0 71.0 Pourquoi quant on lappelloit genauche en elle

780.0 568.0 1068.0 72.0 se vengeoit de telle injures

501.0 597.0 54.0 69.0 11

606.0 645.0 1365.0 74.0 dit quelle navoit personne pour la deffendre

728.0 797.0 1732.0 72.0 Qui ont causé les maladies de Mori Vauthier et

720.0 868.0 1755.0 74.0 de sa femme que sont este sy souvent malades

513.0 899.0 105.0 72.0 12

728.0 954.0 1542.0 52.0 Lors que Ilz avoient querelles avec elle

566.0 1020.0 241.0 63.0 Negat

722.0 1121.0 1686.0 94.0 Qui causoit les maladies des chevaulx dud

498.0 1214.0 81.0 63.0 13

741.0 1211.0 1737.0 95.0 mori vauthier et pourquoi Il y mouroit tant

612.0 1293.0 258.0 70.0 Negat

713.0 1428.0 1755.0 96.0 Qui a cause la maladie des juvencels de

758.0 1526.0 864.0 76.0 Semon villain Et pour

444.0 1529.0 110.0 64.0 14

645.0 1607.0 219.0 61.0 Negat

750.0 1759.0 1709.0 96.0 Et pourquoi elle se treuva ainsy blessee lors

479.0 1818.0 103.0 65.0 15

774.0 1837.0 599.0 61.0 de telle maladie

641.0 1913.0 235.0 60.0 Negat

753.0 2045.0 1740.0 93.0 Pourquoi la femme premiere de Estienne doland

504.0 2085.0 150.0 93.0 16

731.0 2133.0 1794.0 87.0 disoit que elle lad Annelin la faisoit mourir

621.0 2213.0 236.0 73.0 Negat

747.0 2389.0 1817.0 51.0 Pourquoi les chevaulx de Thevnat guenin surce

749.0 2469.0 1767.0 57.0 quil avoit refuse de mener des voihon ["feuilles" suscrit pas reconnu!!!] pour elle

506.0 2507.0 102.0 66.0 17

776.0 2538.0 369.0 65.0 sont mort

581.0 2627.0 289.0 63.0 Negat

753.0 2756.0 1752.0 79.0 Comme et p quel moyen le laict de la vache

771.0 2836.0 1761.0 76.0 germain torel ne donnoit son laict, et quayant prins

738.0 2918.0 1682.0 83.0 delerbe au curtil delle lad Annelin le laict

494.0 2936.0 84.0 69.0 18

723.0 3002.0 558.0 70.0 Lui estoit retorne

630.0 3092.0 243.0 70.0 Negat

746.0 3216.0 1701.0 94.0 Sy elle scait point dou procedoit la maladie des

773.0 3315.0 1666.0 63.0 chevaulx de Thevna maillat q lui avoit

492.0 3342.0 99.0 72.0 19

746.0 3405.0 976.0 64.0 refuse de mener, des gerbes

582.0 3486.0 297.0 83.0 Negat
