2527 3717
675.0 208.0 1641.0 77.0 de passees de vaches p son vergier, mesme q

683.0 289.0 1584.0 92.0 passoyent entre deux paulx. Et lesquelles

707.0 381.0 1647.0 91.0 passees alloyent p dessus les murs du Cymetiere

680.0 489.0 1644.0 78.0 mais nentroyent aud Cymitiere ains alloyent

690.0 574.0 1511.0 92.0 a lentour de la maison de lad Annelin

568.0 708.0 1684.0 82.0 Dit de plus q lad Annelin a ung petit

723.0 788.0 1571.0 116.0 fils de leaige de dix ans lequel compta

674.0 863.0 1677.0 120.0 en la grange dud deposant, que Il y avoit

633.0 973.0 1625.0 87.0 ung noir hoe questoit entre en leur poille

722.0 1069.0 1639.0 92.0 et se y pourmenoit mais q sa mere nestoit

702.0 1161.0 1697.0 82.0 en la maison, Et q Il avoit heu sy grand peur

704.0 1260.0 1641.0 88.0 de lui q Il sestoit cache desoubs la couverte

737.0 1359.0 1549.0 93.0 du lict. Et q ayant lad Annelin sceu

692.0 1446.0 1521.0 117.0 q sond fils avoit desclaire tel faict elle

639.0 1556.0 707.0 96.0 Lavoit baptus.

713.0 1674.0 1482.0 108.0 Dit avoir tousjour ouys dire quelle lad

722.0 1785.0 1032.0 81.0 Annelin estoit une sorciere

548.0 1969.0 1779.0 129.0 Vernier Torel dud Courthedoubs, par serement,

737.0 2105.0 1653.0 79.0 Que la femme de lui deposant heust ung proces

758.0 2196.0 1629.0 70.0 contre lad Annelin en la Justice de Courthedoubs

746.0 2283.0 1527.0 63.0 desorte q la femme dud deposant, fust

744.0 2361.0 1515.0 69.0 contre condempnee a lemende de quatre

752.0 2428.0 1560.0 91.0 channes de vin, dont le lieu mesme jour,

744.0 2506.0 1532.0 105.0 estant deposant es champs nuictanment lad

755.0 2588.0 1578.0 120.0 Annelin (Comme la femme dud deposant le

749.0 2674.0 1557.0 109.0 mantient.) avec ung noir homme vindrent

752.0 2755.0 1566.0 124.0 nuitanment devant la maison dud deposant

758.0 2849.0 1593.0 130.0 Et rescria lad femme Disant Alison, vienca

788.0 2938.0 1476.0 115.0 vientend avec nous, voici ung homme qui
