2601 3864
822.0 198.0 1565.0 148.0 Item confesse Icelle avoir jecté dud poulsat

837.0 292.0 1523.0 131.0 sur les porcs Jehan du pray, a raison de

828.0 378.0 1568.0 126.0 ce quil ne lui avoit volsus aller querir du

822.0 469.0 1293.0 99.0 bois, Et que ptant ils en morurent.

765.0 619.0 1608.0 83.0 Item confesse que sond mre Hemmerlin lui

819.0 703.0 1536.0 89.0 avoit donné de la graisse, et que dicelle

813.0 799.0 1479.0 83.0 graisse elle en avoit frotte une petite

833.0 898.0 1516.0 75.0 verge, de laquelle elle frappa lune

831.0 997.0 1521.0 86.0 des fille de Caspar vallat quen devint

860.0 1087.0 1630.0 92.0 malade. Et ce a raison de ce quelle ne

810.0 1187.0 1569.0 78.0 Lui avoit volsus donner des blassons,

1748.0 1256.0 146.0 33.0 celle

801.0 1297.0 1671.0 69.0 mais ne scait sy ceste la quest morte ou

807.0 1377.0 161.0 58.0 non

750.0 1506.0 1671.0 72.0 Item confesse que au rond bois de millandre

762.0 1588.0 1761.0 75.0 q led son mre la venoit treuver et avoit allors

812.0 1677.0 678.0 70.0 sa compagnie.
