2549 3822
1043.0 157.0 1420.0 58.0 Reconfessions des actes crimes et delicts de

1095.0 235.0 1370.0 64.0 Commis et perpetres p Alix vefve George

636.0 259.0 309.0 51.0 Sortilege

1113.0 297.0 1365.0 99.0 Rossel de Boncourt. Selon quicelle les

1131.0 369.0 1353.0 99.0 a heu recongnus et reconfesses librement

1128.0 444.0 1293.0 105.0 les 17. 19. 21. 25 et 27. de mai an

1131.0 565.0 345.0 68.0 pnt 1610.

770.0 696.0 1632.0 102.0 Premierement confesse que sont environ dix

792.0 777.0 1460.0 104.0 ans, Qung homme entre nuict et Jour

786.0 865.0 1575.0 99.0 sadressa a elle la sollicitant de se donner

794.0 954.0 1644.0 87.0 a lui quil ne la laisseroit jamais et lui

768.0 1035.0 1661.0 101.0 donneroit de lor et de largent pour rebastir

780.0 1121.0 1589.0 112.0 sa maison ; ce quelle feist, et receut dicelui

758.0 1235.0 1566.0 102.0 de largent comme lui sembloit mais quayant

780.0 1334.0 1559.0 94.0 regarde ce ne fust q du pous de la poulsiere

743.0 1504.0 1530.0 76.0 Item confesse qualors elle fust de mesme

777.0 1587.0 1683.0 74.0 sollicitee de Renuncer Dieu Cresme et baptesme

768.0 1679.0 1691.0 87.0 et de le recepvoir pour son mre, ce quelle

767.0 1766.0 1683.0 102.0 feist Renuncea dieu Cresme et baptesme

735.0 1853.0 1683.0 96.0 et receut Icelui pour son mre lequel

771.0 1969.0 1626.0 53.0 disoit sappeller charbon. Et heust alors sa

786.0 2020.0 377.0 46.0 compagnie

717.0 2109.0 1637.0 121.0 Item confesse q alors sond mre Charbon

711.0 2193.0 1625.0 120.0 lui donnat du poulsat pour nuire a

740.0 2301.0 1635.0 122.0 gens et bestes. Mais quelle nen a use a

755.0 2402.0 1521.0 135.0 Lendroit des personnes. Ains seulement

713.0 2504.0 577.0 70.0 envers les bestes.

698.0 2629.0 1587.0 106.0 Item confesse q dud poulsat elle en avoit

701.0 2737.0 1696.0 79.0 Jecté sur lune des vaches de Nicolas guyon

683.0 2832.0 813.0 72.0 Laquelle en mourut

779.0 2985.0 1681.0 105.0 De plus confesse quelle en avoit jecté sur lung

740.0 3078.0 1687.0 86.0 des chevaulx de Pierrat Bourquenei Questoit

729.0 3153.0 1701.0 84.0 devant sa maison, lequel en mourut. Et ce a
