2754 3743
48.0 3515.0 30.0 153.0 6

270.0 572.0 66.0 150.0 7

786.0 179.0 1632.0 99.0 enffans bastien Simon, une jument au voueble

797.0 287.0 1531.0 71.0 et ung veau au claivier et donne le mal

795.0 371.0 1098.0 57.0 a Richard chavanne de Cueve.

1188.0 484.0 108.0 40.0 fils

758.0 536.0 1681.0 51.0 Bernard gui Jehan Noel mahon depose avoir

821.0 607.0 1596.0 54.0 ouys dire en pntce de plusrs Quil avoit oys

801.0 676.0 1544.0 70.0 aud henri que il se vouloir descharger Que

813.0 763.0 1551.0 69.0 sa femme estoit resolue et en volonte de

804.0 843.0 1611.0 67.0 mectre le feu en la maison de ses freres et

794.0 929.0 1542.0 65.0 que si cela ne se faisoit ceste fois la

797.0 1013.0 1641.0 67.0 quelle se feroit une aultre fois. Et quon

795.0 1099.0 1701.0 76.0 debvoit faire bon guaict quil sen deschargeoit

771.0 1190.0 1626.0 66.0 Et lavoit empeiche p deux ou trois nuit de

785.0 1283.0 1695.0 60.0 mectre en execution tel fait et quil navoit

801.0 1363.0 1500.0 69.0 point dormis pce quil ne la pouvoit

722.0 1445.0 456.0 67.0 empeicher.

776.0 1616.0 1639.0 72.0 Dit quelle est chargee et suspitionnee destre une

803.0 1698.0 1564.0 59.0 genauche Et avoir fait a mourir ung veau

828.0 1758.0 1593.0 75.0 au tixerain Mesme avoir fait a mourir le

806.0 1841.0 1612.0 65.0 fils de Jaicque chevrolet son frere Et avoir

797.0 1926.0 1503.0 65.0 greve et fait borne le fils Henri guenat

753.0 2163.0 1461.0 73.0 Groz Jehan vouelin frere dud(it) henri vouelin

768.0 2302.0 1713.0 101.0 Richard chavanne de Cueve Par serement depose

801.0 2404.0 1695.0 80.0 que trois sepmaines apres Pasques passes q deposant

813.0 2499.0 1650.0 106.0 sortit de son service de Beurnevesain A raison

807.0 2587.0 1662.0 108.0 questant aud Beurnevesain Il devint malade

810.0 2685.0 1626.0 121.0 dune Jambe laquelle sest ouverte Et est

813.0 2778.0 1545.0 117.0 encore pntement toute noire Et fust

822.0 2863.0 1572.0 119.0 remene sur ung cheval dillec en la maison

795.0 2973.0 1529.0 94.0 de son frere Estienne A Cueve Ou Il est

798.0 3072.0 1572.0 90.0 encore p lui entretenu honestement. Dit

786.0 3175.0 1638.0 86.0 q a raison de telle maladie q sond frere

2381.0 3563.0 40.0 153.0 7
