2754 3743
383.0 903.0 220.0 154.0 Negat

300.0 1562.0 231.0 145.0 Negat

206.0 1996.0 375.0 97.0 + avec dud

255.0 2115.0 309.0 96.0 poulsat

662.0 191.0 1653.0 164.0 Item confesse aussy que avec daultres

801.0 300.0 1493.0 85.0 elle a assiste a faire de la grelle

812.0 381.0 1620.0 79.0 et de la pluye p quelquefois. Et que la grelle

806.0 434.0 1609.0 77.0 quelles feirent lannee passe icelle tomba sur le bois de

834.0 510.0 281.0 45.0 Rechesie

639.0 531.0 1676.0 193.0 Item confesse q dud poulsat quelle en a

800.0 591.0 1606.0 116.0 heu Jete sur lund des chevaulx au voueble

779.0 677.0 1467.0 118.0 dud Beurnevesain dequoi il en morut

673.0 810.0 1702.0 206.0 Item confesse avoir aussy faict a mourir

810.0 893.0 1580.0 118.0 au voueble une vache. Laquelle [doublement biffé :Il avoit]

812.0 993.0 1602.0 90.0 elle avoit frappe avec une verge q sond(it)

788.0 1051.0 1182.0 134.0 m(ait)re grappin lui avoit donne

702.0 1201.0 1638.0 181.0 Item confesse aussy avoir faict a mourir

819.0 1281.0 1436.0 102.0 une vache a Petre Malgrain avec du

821.0 1356.0 1495.0 114.0 poulsat que sond mre lui avoit donne

809.0 1533.0 1510.0 69.0 Item de plus confesse avoir faict mourir

819.0 1620.0 1548.0 61.0 avec dud(it) poulsat une vache a Jehan du pray

813.0 1704.0 1512.0 63.0 a raison quil lui avoit refuse de vendre

804.0 1779.0 515.0 67.0 de la grainne.

744.0 1872.0 1542.0 165.0 Item confesse que sont environ huict ans

836.0 2022.0 1489.0 81.0 quicelle + feist a mourir leur Une fille

818.0 2122.0 1399.0 53.0 a Bastien Simon monnier : Parce que

1070.0 2151.0 114.0 46.0 fille

809.0 2207.0 1612.0 65.0 la femme dud Simon luy avoit refuse

789.0 2278.0 1170.0 75.0 du laict sestoit ferme a elle

786.0 2454.0 1476.0 66.0 Item confesse de plus quelle a aussy

837.0 2538.0 1323.0 64.0 faict a mourir avec dud poulsat

806.0 2628.0 1551.0 64.0 ung enffant a Jehan mahon dit madeux

798.0 2727.0 1536.0 58.0 A raison de ce que Il la chargeoyent

773.0 2802.0 1644.0 91.0 de leur avoir faict a mourir ung cheval

2262.0 3557.0 69.0 58.0 2
