2754 3743
724.0 189.0 1649.0 141.0 Frene vefve de feu Jehan muat et au pnt

819.0 328.0 1569.0 64.0 femme de Jehan Dieu le fils. Par serement

786.0 404.0 1592.0 88.0 depose Que p une fois sont bien douze

806.0 513.0 1591.0 70.0 ans que deposante avoir ung veau questoit

789.0 607.0 1629.0 67.0 de Sept sepmaines quelle vouloit desallayter

773.0 688.0 1686.0 73.0 Et estant en son estable Lad Agatte y advint

803.0 780.0 1533.0 76.0 advint que dit voycy ung bel veau dieu

730.0 877.0 1610.0 70.0 Le garde et en apres sen alla. Et tout

730.0 953.0 1616.0 88.0 Incontinent quelle fust sortie led

702.0 1044.0 1728.0 86.0 veau se print a gruller et dejecter p terre

798.0 1127.0 1572.0 100.0 puis saultoit en haulst. Ce que voyant

783.0 1233.0 1503.0 87.0 deposante envoya querir de ses voisinnes

795.0 1340.0 1569.0 82.0 pour veoir led veau, lesquelles dirent

804.0 1443.0 1488.0 95.0 toutes q led veau estoit engenauche et

786.0 1545.0 1553.0 98.0 quon lavoit greve, lequel mourut ce

795.0 1648.0 1542.0 94.0 mesme jour environ une heure et

761.0 1751.0 1698.0 72.0 demye apres ce q lad Agatte en fust sortie

761.0 1875.0 1641.0 71.0 Et a deposante opinion que lad Agatte

756.0 1967.0 1626.0 67.0 Lavoit engenauche quest tout ce quelle

755.0 2048.0 330.0 74.0 en scait

2340.0 3466.0 48.0 153.0 2
