2560 3735
729.0 232.0 1584.0 79.0 ungs q alloyent de travers les aultres q sont

741.0 322.0 1554.0 76.0 mortz. Mais ne scait dou procedoyent telles

761.0 412.0 859.0 61.0 Inconveniens et maladies

666.0 558.0 1650.0 68.0 Semon villain dud Courthedoubs depose, que sont,

762.0 642.0 1617.0 83.0 environ, quatre ans quilz avoyent deux Juvencelx

737.0 747.0 1590.0 76.0 que vindrent malades Et estant estes conseilles

708.0 844.0 1656.0 63.0 de baptre les lings diceulx, deposant print

720.0 945.0 1593.0 64.0 Lesd Lings les baptirent avec des fleu dont

717.0 1029.0 1514.0 79.0 Lad Annelin se trouvat tout blessee p le

704.0 1129.0 1687.0 99.0 visaige. Non pourtant lesd Juvencelx morurent

705.0 1219.0 1548.0 66.0 Et a opinion deposant que lad Annelin les

722.0 1312.0 726.0 70.0 Leur feist mourir

716.0 1546.0 1639.0 81.0 Vaulbert Jordain dud lieu Par serement depose

717.0 1629.0 1611.0 76.0 Que la premiere femme de Estienne doland

735.0 1714.0 1650.0 70.0 devint malade sont plus de huit ans de sorte

732.0 1802.0 1617.0 57.0 quil La failloit tenir dont deposant y estant

747.0 1877.0 1529.0 71.0 et laidant a tenir, Icelle femme dud Doland

738.0 2002.0 1644.0 40.0 pnt plusrs aultres personnes dit q la Baillie

627.0 2052.0 434.0 56.0 entendant et nomant

743.0 2083.0 1612.0 73.0 quest Lad Annelin lui avoit donne la maladie.

695.0 2182.0 1579.0 69.0 de laquelle ayant quelquement trayne lad

699.0 2274.0 1569.0 70.0 de telle maladie finablement en est morte

653.0 2407.0 1620.0 103.0 Theunat guenin p serement depose, Que

708.0 2542.0 1638.0 48.0 Lannée passee, Lad Annelin fust interpeller

710.0 2616.0 1546.0 84.0 deposant de lui aller querir une charree de

744.0 2703.0 1568.0 85.0 feuille ce que nayant, peu faire pource que

713.0 2796.0 1662.0 80.0 Lui convenoit aller querir de lavenne lui refusa

731.0 2902.0 1591.0 81.0 Et le lendemain ayant deposant mene une

734.0 2992.0 1446.0 76.0 charree de boihin pour son frere Caspar,
