2643 3968
302.0 642.0 312.0 104.0 Anne

270.0 770.0 432.0 114.0 vauthier

1416.0 155.0 650.0 78.0 + 1608, Dez. 5

800.0 273.0 1540.0 88.0 Je, Annelin vefve de Pierrat vauthier de

806.0 376.0 1474.0 60.0 Courthedoubz, Cougnois librement et sans

828.0 454.0 1523.0 61.0 controincte, Comment que dez longue main

797.0 536.0 1609.0 66.0 Je sois este diffame p bruict comung destre

797.0 622.0 1594.0 78.0 une sorciere et genauche, et pour ce regard

789.0 736.0 1691.0 63.0 plusrs plainctes et doleances soyent estees faictes

789.0 820.0 1686.0 78.0 contre de moy, Quont donne occasion a Mesrs

800.0 914.0 1713.0 79.0 les hault Officiers doffice de faire inquisition

804.0 1012.0 1682.0 68.0 contre de moy Et retreuve p icelle des indices

791.0 1102.0 1689.0 73.0 et conjectures pregnantes et concluantes, Le tout

795.0 1213.0 1710.0 102.0 comme est au long pourte p lesd informations

798.0 1328.0 1647.0 85.0 Pour raison dequoi je seroye este saisie au

795.0 1418.0 1749.0 102.0 corps conduite et menee au chasteau et forteresse

767.0 1520.0 1621.0 92.0 de Pourrent et jusques au pnt y Detenue

786.0 1618.0 1611.0 93.0 durant lequel terme Mesrs les Officiers

783.0 1732.0 1629.0 76.0 ont procede avec moy suivant ordre de droit et

786.0 1831.0 1701.0 75.0 au contenu des ordonnances penibles du Sainct Empire

795.0 1922.0 1575.0 96.0 voyre jusques a avoir sostenu la question et

792.0 2023.0 1590.0 82.0 torture moderement. Sy est ce que persistant

791.0 2119.0 1693.0 88.0 et perseverant a linficiatx, et negative de tous

776.0 2206.0 1678.0 90.0 Les faictz pourtez ausd informations. Combien

791.0 2314.0 1549.0 66.0 Que les preuves soyent revestues de toutes

795.0 2395.0 1635.0 76.0 circonstances conluantes , Et q nonobstant

774.0 2489.0 1712.0 84.0 ma pertace inficiation Mesd srs les Officiers

791.0 2576.0 1710.0 92.0 ayent preuves suffisante pour maccuser devant

756.0 2681.0 1703.0 88.0 La justice criminelle, Et me convaincre desd

774.0 2779.0 1566.0 92.0 faictz p tesmoing suffisans pourte ausd

762.0 2874.0 1575.0 84.0 informations ; Sy est ce que a ma humble

762.0 2960.0 1611.0 99.0 priere et requeste faicte a Moin Seigneur et

765.0 3050.0 1728.0 114.0 Prince, ayant heu pitie de mes pouvres enffans

759.0 3173.0 1727.0 99.0 Il a pleu a Son Excellence Reverendissime me
