2570 3863
500 127 517 51 1610. 17./ may.

1058 154 1246 93 Reconfessions des actes crimes et

770 192 72 66 27.

225 236 444 88 # de Sortilege

1068 253 1074 66 delitz # Commis et perpetrez p

1050 342 1308 81 Adelheit vefve Bourquin Betteny

1109 417 1149 81 De Boncourt, selon quicelle les

1086 517 1151 64 a heu recongnus et reconfesses

1079 597 1221 56 Librement, Les 17 : 19. 21. 25 et

1086 675 986 60 27 de may an pnt 1610

780 822 1652 96 Premierement confesse que sont environ douze

2412 852 39 79 [partie du -e final de la ligne sup.!!!]

779 920 1618 64 ans, que a elle proche sa maison, entre

785 998 1698 60 jour et nuict, se presenta p deux distinctes

779 1066 1642 90 fois, Ung homme a elle, la saluant, et

770 1161 1686 73 Luy demandant ce quelle faisoit, et sy elle

764 1248 1732 88 se vouloit donner a lui. Quil Lui donneroit

773 1358 1725 82 de lor et de largent. Et que surce ayant

798 1463 1647 72 volsus respondre a Icelui, et nommé et

789 1555 1695 82 appellé Le nom de Jesus, que tel homme

806 1664 1449 80 sestoit tousjour esvanouy et perdus.

776 1852 1650 97 Item confesse que p une troisieme fois, led

792 1947 1637 85 homme sestoit derechieff representé a elle

771 2031 1560 81 Et lavoit sollicité comme devant,

800 2127 1588 85 de se donner a lui, quil lui donneroit

855 2229 1584 82 de largent, et lui promectoit de jamais

768 2325 1707 109 ne la laisser, Ce, a quoi elle consentit

771 2423 1011 79 et surce se donna a lui

771 2587 1688 104 Item confesse q led homme lui conseilla

794 2672 1651 109 et persuada de renier Dieu Cresme et

758 2768 1617 101 baptesme et de le recepvoir lui led

876 2861 1509 101 homme pour son mre. Lequel Il

791 2963 1593 100 disoit sappeller Hämmerlin, Ce que

770 3055 1642 117 a telle persuasion elle feist. Renia

768 3144 1596 114 surce dieu, Cresme, et Baptesme et

873 3240 1442 108 print led hämmerlin pour son mre.
