<?xml version="1.0" encoding="UTF-8"?>
<alto xmlns:xsi="http://www.w3.org/2001/XMLSchema-instance"
      xmlns="http://www.loc.gov/standards/alto/ns-v4#"
      xmlns:page="http://schema.primaresearch.org/PAGE/gts/pagecontent/2013-07-15"
      xsi:schemaLocation="http://www.loc.gov/standards/alto/ns-v4# https://www.loc.gov/standards/alto/v4/alto.xsd">
   <Description>
      <MeasurementUnit>pixel</MeasurementUnit>
      <OCRProcessing ID="IdOcr">
         <ocrProcessingStep>
            <processingDateTime>2022-03-03T16:36:39.367+01:00</processingDateTime>
            <processingSoftware>
               <softwareCreator>READ COOP</softwareCreator>
               <softwareName>Transkribus</softwareName>
            </processingSoftware>
         </ocrProcessingStep>
      </OCRProcessing>
   </Description>
   <Layout>
      <Page ID="Page1" PHYSICAL_IMG_NR="1" HEIGHT="3968" WIDTH="2643">
         <TopMargin HEIGHT="0" WIDTH="2643" VPOS="0" HPOS="0"/>
         <LeftMargin HEIGHT="3968" WIDTH="0" VPOS="0" HPOS="0"/>
         <RightMargin HEIGHT="3968" WIDTH="0" VPOS="0" HPOS="2643"/>
         <BottomMargin HEIGHT="0" WIDTH="2643" VPOS="3968" HPOS="0"/>
         <PrintSpace HEIGHT="3968" WIDTH="2643" VPOS="0" HPOS="0">
            <TextBlock ID="r1" HEIGHT="633" WIDTH="432" VPOS="251" HPOS="270">
               <Shape>
                  <Polygon POINTS="270,251 270,884 702,884 702,251"/>
               </Shape>
               <TextLine ID="r1l2"
                         BASELINE="302,702 328,702 354,704 380,704 406,704 432,704 458,704 484,705 510,707 536,707 562,709 588,711 614,716"
                         HEIGHT="104"
                         WIDTH="312"
                         VPOS="642"
                         HPOS="302">
                  <String ID="string_r1l2"
                          HEIGHT="104"
                          WIDTH="312"
                          VPOS="642"
                          HPOS="302"
                          CONTENT="Anne"/>
               </TextLine>
               <TextLine ID="r1l3"
                         BASELINE="270,854 295,850 320,846 346,843 371,842 397,840 422,839 447,839 473,837 498,837 524,837 549,836 574,836 600,836 625,836 651,834 676,832 702,831"
                         HEIGHT="114"
                         WIDTH="432"
                         VPOS="770"
                         HPOS="270">
                  <String ID="string_r1l3"
                          HEIGHT="114"
                          WIDTH="432"
                          VPOS="770"
                          HPOS="270"
                          CONTENT="vauthier"/>
               </TextLine>
            </TextBlock>
            <TextBlock ID="r2" HEIGHT="3117" WIDTH="1788" VPOS="155" HPOS="756">
               <Shape>
                  <Polygon POINTS="756,155 756,3272 2544,3272 2544,155"/>
               </Shape>
               <TextLine ID="r2l1"
                         BASELINE="1416,201 1448,201 1481,203 1513,203 1546,203 1578,204 1611,204 1643,206 1676,206 1708,207 1741,207 1773,207 1806,209 1838,209 1871,210 1903,210 1936,210 1968,210 2001,210 2033,210 2066,210"
                         HEIGHT="78"
                         WIDTH="650"
                         VPOS="155"
                         HPOS="1416">
                  <String ID="string_r2l1"
                          HEIGHT="78"
                          WIDTH="650"
                          VPOS="155"
                          HPOS="1416"
                          CONTENT=" + 1608, Dez. 5"/>
               </TextLine>
               <TextLine ID="r2l2"
                         BASELINE="800,318 877,317 954,315 1031,315 1108,315 1185,315 1262,315 1339,317 1416,317 1493,318 1570,320 1647,321 1724,323 1801,325 1878,327 1955,329 2032,330 2109,333 2186,335 2263,337 2340,339"
                         HEIGHT="91"
                         WIDTH="1540"
                         VPOS="270"
                         HPOS="800">
                  <String ID="string_r2l2"
                          HEIGHT="91"
                          WIDTH="1540"
                          VPOS="270"
                          HPOS="800"
                          CONTENT="Je, Annelin vefve de Pierrat vauthier de"/>
               </TextLine>
               <TextLine ID="r2l3"
                         BASELINE="806,410 879,410 953,408 1027,408 1100,407 1174,407 1248,405 1321,405 1395,404 1469,404 1543,402 1616,402 1690,402 1764,402 1837,404 1911,405 1985,407 2058,408 2132,411 2206,415 2280,419"
                         HEIGHT="68"
                         WIDTH="1474"
                         VPOS="368"
                         HPOS="806">
                  <String ID="string_r2l3"
                          HEIGHT="68"
                          WIDTH="1474"
                          VPOS="368"
                          HPOS="806"
                          CONTENT="Courthedoubz, Cougnois librement et sans"/>
               </TextLine>
               <TextLine ID="r2l4"
                         BASELINE="828,498 904,495 980,494 1056,492 1132,492 1208,491 1284,489 1361,489 1437,488 1513,488 1589,488 1665,486 1741,486 1817,486 1894,486 1970,486 2046,488 2122,488 2198,488 2274,488 2351,488"
                         HEIGHT="63"
                         WIDTH="1523"
                         VPOS="452"
                         HPOS="828">
                  <String ID="string_r2l4"
                          HEIGHT="63"
                          WIDTH="1523"
                          VPOS="452"
                          HPOS="828"
                          CONTENT="controincte, Comment que dez longue main"/>
               </TextLine>
               <TextLine ID="r2l5"
                         BASELINE="797,581 877,581 957,579 1038,579 1118,578 1199,576 1279,576 1360,575 1440,573 1521,572 1601,572 1681,570 1762,570 1842,570 1923,570 2003,570 2084,570 2164,572 2245,573 2325,575 2406,578"
                         HEIGHT="74"
                         WIDTH="1609"
                         VPOS="528"
                         HPOS="797">
                  <String ID="string_r2l5"
                          HEIGHT="74"
                          WIDTH="1609"
                          VPOS="528"
                          HPOS="797"
                          CONTENT="Je sois este diffame p bruict comung destre"/>
               </TextLine>
               <TextLine ID="r2l6"
                         BASELINE="797,678 876,675 956,672 1036,671 1115,669 1195,668 1275,666 1354,665 1434,663 1514,663 1594,662 1673,662 1753,662 1833,662 1912,662 1992,662 2072,662 2151,663 2231,663 2311,665 2391,666"
                         HEIGHT="82"
                         WIDTH="1594"
                         VPOS="618"
                         HPOS="797">
                  <String ID="string_r2l6"
                          HEIGHT="82"
                          WIDTH="1594"
                          VPOS="618"
                          HPOS="797"
                          CONTENT="une sorciere et genauche, et pour ce regard"/>
               </TextLine>
               <TextLine ID="r2l7"
                         BASELINE="789,779 873,777 958,774 1042,772 1127,770 1211,768 1296,768 1380,767 1465,767 1549,765 1634,765 1719,765 1803,767 1888,767 1972,768 2057,769 2141,770 2226,772 2310,774 2395,776 2480,777"
                         HEIGHT="75"
                         WIDTH="1691"
                         VPOS="724"
                         HPOS="789">
                  <String ID="string_r2l7"
                          HEIGHT="75"
                          WIDTH="1691"
                          VPOS="724"
                          HPOS="789"
                          CONTENT="plusrs plainctes et doleances soyent estees faictes"/>
               </TextLine>
               <TextLine ID="r2l8"
                         BASELINE="789,878 873,873 957,869 1041,865 1126,862 1210,860 1294,858 1379,857 1463,855 1547,855 1632,854 1716,854 1800,855 1884,855 1969,856 2053,857 2137,858 2222,858 2306,860 2390,861 2475,861"
                         HEIGHT="85"
                         WIDTH="1686"
                         VPOS="813"
                         HPOS="789">
                  <String ID="string_r2l8"
                          HEIGHT="85"
                          WIDTH="1686"
                          VPOS="813"
                          HPOS="789"
                          CONTENT="contre de moy, Quont donne occasion a Mesrs"/>
               </TextLine>
               <TextLine ID="r2l9"
                         BASELINE="800,971 885,966 971,962 1056,958 1142,955 1228,953 1313,952 1399,951 1485,951 1570,951 1656,951 1742,953 1827,954 1913,956 1999,956 2084,957 2170,959 2256,960 2341,962 2427,962 2513,963"
                         HEIGHT="86"
                         WIDTH="1713"
                         VPOS="907"
                         HPOS="800">
                  <String ID="string_r2l9"
                          HEIGHT="86"
                          WIDTH="1713"
                          VPOS="907"
                          HPOS="800"
                          CONTENT="les hault Officiers doffice de faire inquisition"/>
               </TextLine>
               <TextLine ID="r2l10"
                         BASELINE="804,1059 888,1055 972,1052 1056,1050 1140,1047 1224,1047 1308,1046 1392,1046 1476,1047 1560,1047 1645,1049 1729,1050 1813,1050 1897,1052 1981,1053 2065,1055 2149,1055 2233,1056 2317,1056 2401,1056 2486,1055"
                         HEIGHT="77"
                         WIDTH="1682"
                         VPOS="1003"
                         HPOS="804">
                  <String ID="string_r2l10"
                          HEIGHT="77"
                          WIDTH="1682"
                          VPOS="1003"
                          HPOS="804"
                          CONTENT="contre de moy Et retreuve p icelle des indices"/>
               </TextLine>
               <TextLine ID="r2l11"
                         BASELINE="791,1151 875,1151 959,1152 1044,1152 1128,1154 1213,1154 1297,1155 1382,1157 1466,1158 1551,1158 1635,1160 1719,1160 1804,1160 1888,1161 1973,1160 2057,1160 2142,1158 2226,1157 2311,1154 2395,1152 2480,1148"
                         HEIGHT="82"
                         WIDTH="1689"
                         VPOS="1102"
                         HPOS="791">
                  <String ID="string_r2l11"
                          HEIGHT="82"
                          WIDTH="1689"
                          VPOS="1102"
                          HPOS="791"
                          CONTENT="et conjectures pregnantes et concluantes, Le tout"/>
               </TextLine>
               <TextLine ID="r2l12"
                         BASELINE="795,1259 880,1259 966,1259 1051,1259 1137,1260 1222,1262 1308,1263 1393,1265 1479,1268 1564,1269 1650,1272 1735,1274 1821,1277 1906,1279 1992,1281 2077,1284 2163,1286 2248,1289 2334,1290 2419,1292 2505,1292"
                         HEIGHT="102"
                         WIDTH="1710"
                         VPOS="1213"
                         HPOS="795">
                  <String ID="string_r2l12"
                          HEIGHT="102"
                          WIDTH="1710"
                          VPOS="1213"
                          HPOS="795"
                          CONTENT="comme est au long pourte p lesd informations"/>
               </TextLine>
               <TextLine ID="r2l13"
                         BASELINE="798,1374 880,1371 962,1369 1045,1368 1127,1368 1209,1368 1292,1370 1374,1371 1456,1374 1539,1377 1621,1379 1703,1382 1786,1385 1868,1388 1950,1390 2033,1392 2115,1394 2197,1395 2280,1395 2362,1394 2445,1392"
                         HEIGHT="91"
                         WIDTH="1647"
                         VPOS="1325"
                         HPOS="798">
                  <String ID="string_r2l13"
                          HEIGHT="91"
                          WIDTH="1647"
                          VPOS="1325"
                          HPOS="798"
                          CONTENT="Pour raison dequoi je seroye este saisie au"/>
               </TextLine>
               <TextLine ID="r2l14"
                         BASELINE="795,1461 882,1461 969,1461 1057,1463 1144,1463 1232,1466 1319,1467 1407,1469 1494,1472 1582,1475 1669,1476 1756,1479 1844,1482 1931,1485 2019,1488 2106,1490 2194,1493 2281,1494 2369,1496 2456,1497 2544,1499"
                         HEIGHT="102"
                         WIDTH="1749"
                         VPOS="1418"
                         HPOS="795">
                  <String ID="string_r2l14"
                          HEIGHT="102"
                          WIDTH="1749"
                          VPOS="1418"
                          HPOS="795"
                          CONTENT="corps conduite et menee au chasteau et forteresse"/>
               </TextLine>
               <TextLine ID="r2l15"
                         BASELINE="767,1566 848,1565 929,1563 1010,1563 1091,1563 1172,1565 1253,1566 1334,1569 1415,1572 1496,1574 1577,1577 1658,1580 1739,1583 1820,1586 1901,1587 1982,1590 2063,1591 2144,1592 2225,1592 2306,1590 2388,1589"
                         HEIGHT="98"
                         WIDTH="1621"
                         VPOS="1517"
                         HPOS="767">
                  <String ID="string_r2l15"
                          HEIGHT="98"
                          WIDTH="1621"
                          VPOS="1517"
                          HPOS="767"
                          CONTENT="de Pourrent et jusques au pnt y Detenue"/>
               </TextLine>
               <TextLine ID="r2l16"
                         BASELINE="786,1664 866,1664 947,1664 1027,1665 1108,1667 1188,1670 1269,1671 1349,1675 1430,1677 1510,1680 1591,1682 1672,1685 1752,1686 1833,1688 1913,1689 1994,1689 2074,1689 2155,1688 2235,1685 2316,1682 2397,1677"
                         HEIGHT="94"
                         WIDTH="1611"
                         VPOS="1618"
                         HPOS="786">
                  <String ID="string_r2l16"
                          HEIGHT="94"
                          WIDTH="1611"
                          VPOS="1618"
                          HPOS="786"
                          CONTENT="durant lequel terme Mesrs les Officiers"/>
               </TextLine>
               <TextLine ID="r2l17"
                         BASELINE="783,1778 864,1775 945,1772 1027,1770 1108,1770 1190,1770 1271,1771 1353,1772 1434,1773 1516,1775 1597,1777 1678,1779 1760,1781 1841,1783 1923,1785 2004,1785 2086,1787 2167,1787 2249,1787 2330,1787 2412,1785"
                         HEIGHT="86"
                         WIDTH="1629"
                         VPOS="1724"
                         HPOS="783">
                  <String ID="string_r2l17"
                          HEIGHT="86"
                          WIDTH="1629"
                          VPOS="1724"
                          HPOS="783"
                          CONTENT=" ont procede avec moy suivant ordre de droit et"/>
               </TextLine>
               <TextLine ID="r2l18"
                         BASELINE="786,1877 871,1875 956,1875 1041,1875 1126,1875 1211,1875 1296,1877 1381,1878 1466,1879 1551,1881 1636,1883 1721,1884 1806,1886 1891,1886 1976,1887 2061,1887 2146,1887 2231,1887 2316,1887 2401,1886 2487,1883"
                         HEIGHT="81"
                         WIDTH="1701"
                         VPOS="1829"
                         HPOS="786">
                  <String ID="string_r2l18"
                          HEIGHT="81"
                          WIDTH="1701"
                          VPOS="1829"
                          HPOS="786"
                          CONTENT="au contenu des ordonnances penibles du Sainct Empire"/>
               </TextLine>
               <TextLine ID="r2l19"
                         BASELINE="795,1968 873,1968 952,1968 1031,1968 1110,1968 1188,1970 1267,1971 1346,1972 1425,1973 1503,1976 1582,1977 1661,1979 1740,1980 1818,1983 1897,1985 1976,1986 2055,1988 2133,1991 2212,1992 2291,1994 2370,1995"
                         HEIGHT="96"
                         WIDTH="1575"
                         VPOS="1922"
                         HPOS="795">
                  <String ID="string_r2l19"
                          HEIGHT="96"
                          WIDTH="1575"
                          VPOS="1922"
                          HPOS="795"
                          CONTENT="voyre jusques a avoir sostenu la question et"/>
               </TextLine>
               <TextLine ID="r2l20"
                         BASELINE="792,2072 871,2069 951,2067 1030,2066 1110,2064 1189,2064 1269,2064 1348,2066 1428,2067 1507,2069 1587,2070 1666,2072 1746,2075 1825,2076 1905,2078 1984,2079 2064,2081 2143,2082 2223,2082 2302,2082 2382,2082"
                         HEIGHT="87"
                         WIDTH="1590"
                         VPOS="2018"
                         HPOS="792">
                  <String ID="string_r2l20"
                          HEIGHT="87"
                          WIDTH="1590"
                          VPOS="2018"
                          HPOS="792"
                          CONTENT="torture moderement. Sy est ce que persistant"/>
               </TextLine>
               <TextLine ID="r2l21"
                         BASELINE="791,2171 875,2168 960,2165 1044,2163 1129,2163 1214,2163 1298,2163 1383,2165 1468,2165 1552,2167 1637,2169 1722,2171 1806,2172 1891,2175 1976,2177 2060,2178 2145,2181 2230,2183 2314,2184 2399,2184 2484,2184"
                         HEIGHT="90"
                         WIDTH="1693"
                         VPOS="2117"
                         HPOS="791">
                  <String ID="string_r2l21"
                          HEIGHT="90"
                          WIDTH="1693"
                          VPOS="2117"
                          HPOS="791"
                          CONTENT="et perseverant a linficiatx, et negative de tous"/>
               </TextLine>
               <TextLine ID="r2l22"
                         BASELINE="776,2261 859,2256 943,2253 1027,2250 1111,2250 1195,2249 1279,2249 1363,2250 1447,2252 1531,2253 1615,2255 1698,2258 1782,2260 1866,2262 1950,2265 2034,2267 2118,2270 2202,2271 2286,2273 2370,2274 2454,2274"
                         HEIGHT="91"
                         WIDTH="1678"
                         VPOS="2205"
                         HPOS="776">
                  <String ID="string_r2l22"
                          HEIGHT="91"
                          WIDTH="1678"
                          VPOS="2205"
                          HPOS="776"
                          CONTENT="Les faictz pourtez ausd informations. Combien"/>
               </TextLine>
               <TextLine ID="r2l23"
                         BASELINE="791,2352 868,2351 945,2349 1023,2348 1100,2348 1178,2348 1255,2348 1333,2348 1410,2348 1488,2349 1565,2351 1642,2351 1720,2352 1797,2354 1875,2355 1952,2357 2030,2358 2107,2358 2185,2360 2262,2360 2340,2361"
                         HEIGHT="70"
                         WIDTH="1549"
                         VPOS="2310"
                         HPOS="791">
                  <String ID="string_r2l23"
                          HEIGHT="70"
                          WIDTH="1549"
                          VPOS="2310"
                          HPOS="791"
                          CONTENT="Que les preuves soyent revestues de toutes"/>
               </TextLine>
               <TextLine ID="r2l24"
                         BASELINE="795,2451 876,2450 958,2450 1040,2448 1122,2448 1203,2448 1285,2448 1367,2448 1449,2448 1530,2450 1612,2450 1694,2450 1776,2450 1857,2448 1939,2448 2021,2447 2103,2445 2184,2444 2266,2441 2348,2439 2430,2435"
                         HEIGHT="76"
                         WIDTH="1635"
                         VPOS="2395"
                         HPOS="795">
                  <String ID="string_r2l24"
                          HEIGHT="76"
                          WIDTH="1635"
                          VPOS="2395"
                          HPOS="795"
                          CONTENT="circonstances conluantes , Et q nonobstant"/>
               </TextLine>
               <TextLine ID="r2l25"
                         BASELINE="774,2550 859,2547 945,2546 1030,2544 1116,2544 1202,2543 1287,2543 1373,2541 1458,2541 1544,2541 1630,2541 1715,2541 1801,2541 1886,2541 1972,2541 2058,2541 2143,2540 2229,2540 2314,2538 2400,2537 2486,2535"
                         HEIGHT="84"
                         WIDTH="1712"
                         VPOS="2489"
                         HPOS="774">
                  <String ID="string_r2l25"
                          HEIGHT="84"
                          WIDTH="1712"
                          VPOS="2489"
                          HPOS="774"
                          CONTENT="ma pertace inficiation Mesd srs les Officiers"/>
               </TextLine>
               <TextLine ID="r2l26"
                         BASELINE="791,2645 876,2643 962,2642 1047,2640 1133,2639 1218,2638 1304,2637 1389,2636 1475,2636 1560,2634 1646,2634 1731,2633 1817,2633 1902,2631 1988,2631 2073,2630 2159,2629 2244,2628 2330,2626 2415,2625 2501,2622"
                         HEIGHT="92"
                         WIDTH="1710"
                         VPOS="2576"
                         HPOS="791">
                  <String ID="string_r2l26"
                          HEIGHT="92"
                          WIDTH="1710"
                          VPOS="2576"
                          HPOS="791"
                          CONTENT="ayent preuves suffisante pour maccuser devant"/>
               </TextLine>
               <TextLine ID="r2l27"
                         BASELINE="756,2747 841,2743 926,2741 1011,2738 1096,2735 1181,2733 1266,2732 1352,2730 1437,2729 1522,2728 1607,2727 1692,2727 1777,2727 1862,2726 1948,2726 2033,2726 2118,2726 2203,2726 2288,2726 2373,2726 2459,2726"
                         HEIGHT="88"
                         WIDTH="1703"
                         VPOS="2681"
                         HPOS="756">
                  <String ID="string_r2l27"
                          HEIGHT="88"
                          WIDTH="1703"
                          VPOS="2681"
                          HPOS="756"
                          CONTENT="La justice criminelle, Et me convaincre desd"/>
               </TextLine>
               <TextLine ID="r2l28"
                         BASELINE="774,2849 852,2842 930,2835 1008,2831 1087,2826 1165,2824 1243,2821 1322,2819 1400,2819 1478,2817 1557,2817 1635,2817 1713,2819 1791,2819 1870,2820 1948,2820 2026,2822 2105,2822 2183,2823 2261,2823 2340,2823"
                         HEIGHT="98"
                         WIDTH="1566"
                         VPOS="2773"
                         HPOS="774">
                  <String ID="string_r2l28"
                          HEIGHT="98"
                          WIDTH="1566"
                          VPOS="2773"
                          HPOS="774"
                          CONTENT="faictz p tesmoing suffisans pourte ausd"/>
               </TextLine>
               <TextLine ID="r2l29"
                         BASELINE="762,2936 840,2936 919,2936 998,2934 1077,2933 1155,2931 1234,2930 1313,2927 1392,2925 1470,2922 1549,2919 1628,2918 1707,2915 1785,2913 1864,2912 1943,2912 2022,2912 2100,2912 2179,2913 2258,2915 2337,2918"
                         HEIGHT="90"
                         WIDTH="1575"
                         VPOS="2868"
                         HPOS="762">
                  <String ID="string_r2l29"
                          HEIGHT="90"
                          WIDTH="1575"
                          VPOS="2868"
                          HPOS="762"
                          CONTENT="informations ; Sy est ce que a ma humble"/>
               </TextLine>
               <TextLine ID="r2l30"
                         BASELINE="762,3036 842,3036 923,3036 1003,3034 1084,3032 1164,3029 1245,3025 1325,3021 1406,3018 1486,3014 1567,3011 1648,3008 1728,3004 1809,3002 1889,3000 1970,2999 2050,2997 2131,2999 2211,3000 2292,3003 2373,3006"
                         HEIGHT="108"
                         WIDTH="1611"
                         VPOS="2951"
                         HPOS="762">
                  <String ID="string_r2l30"
                          HEIGHT="108"
                          WIDTH="1611"
                          VPOS="2951"
                          HPOS="762"
                          CONTENT="priere et requeste faicte a Moin Seigneur et"/>
               </TextLine>
               <TextLine ID="r2l31"
                         BASELINE="765,3141 851,3138 937,3134 1024,3129 1110,3125 1197,3120 1283,3116 1369,3112 1456,3108 1542,3105 1629,3102 1715,3099 1801,3098 1888,3096 1974,3098 2061,3099 2147,3101 2233,3104 2320,3110 2406,3116 2493,3125"
                         HEIGHT="114"
                         WIDTH="1728"
                         VPOS="3050"
                         HPOS="765">
                  <String ID="string_r2l31"
                          HEIGHT="114"
                          WIDTH="1728"
                          VPOS="3050"
                          HPOS="765"
                          CONTENT="Prince, ayant heu pitie de mes pouvres enffans"/>
               </TextLine>
               <TextLine ID="r2l32"
                         BASELINE="759,3249 845,3242 931,3236 1018,3231 1104,3227 1190,3222 1277,3219 1363,3216 1449,3214 1536,3212 1622,3212 1708,3210 1795,3210 1881,3210 1967,3210 2054,3212 2140,3212 2226,3214 2313,3215 2399,3218 2486,3219"
                         HEIGHT="108"
                         WIDTH="1727"
                         VPOS="3164"
                         HPOS="759">
                  <String ID="string_r2l32"
                          HEIGHT="108"
                          WIDTH="1727"
                          VPOS="3164"
                          HPOS="759"
                          CONTENT="Il a pleu a Son Excellence Reverendissime me"/>
               </TextLine>
            </TextBlock>
         </PrintSpace>
      </Page>
   </Layout>
</alto>
