2754 3743
724 189 1649 143 Frene vefve de feu Jehan muat et au pnt

819 328 1569 64 femme de Jehan Dieu le fils. Par serement

786 404 1592 88 depose Que p une fois sont bien douze

806 498 1591 85 ans que deposante avoir ung veau questoit

789 590 1629 84 de Sept sepmaines quelle vouloit desallayter

773 683 1686 78 Et estant en son estable Lad Agatte y advint

803 772 1533 84 advint que dit voycy ung bel veau dieu

730 869 1610 78 Le garde et en apres sen alla. Et tout

730 953 1616 91 Incontinent quelle fust sortie led

702 1043 1728 87 veau se print a gruller et dejecter p terre

798 1127 1572 100 puis saultoit en haulst. Ce que voyant

783 1233 1503 92 deposante envoya querir de ses voisinnes

795 1340 1569 84 pour veoir led veau, lesquelles dirent

804 1443 1488 98 toutes q led veau estoit engenauche et

786 1545 1553 98 quon lavoit greve, lequel mourut ce

795 1648 1542 94 mesme jour environ une heure et

761 1751 1698 81 demye apres ce q lad Agatte en fust sortie

761 1874 1641 73 Et a deposante opinion que lad Agatte

756 1961 1626 79 Lavoit engenauche quest tout ce quelle

755 2046 330 76 en scait

2340 3466 48 153 2
