2754 3743
329 296 262 190 Negat

288 1934 503 190 Tesmoings

278 2197 537 151 Jehan savageat

254 2332 600 113 Jehan perin pagan

287 2420 573 83 Vuillemat Bairevoi

272 2499 588 126 hans herard gindre

315 2563 196 56 Jehan

275 2575 609 97 Girard Jehannerat

287 2666 474 87 Jehan Salvestre

297 2756 488 126 Jehan choulat.

716 153 1611 184 Item confesse en oultre quen ceste pnte

822 297 1374 66 annee avec dud Poulsat elle a faict

824 375 1525 73 mourir une vache En chez le vieulx voueble

815 437 1494 99 A raison de ce quil leur avoit refuse de

833 564 723 80 vendre de la grainne

810 671 1481 99 Comme aussy confesse que sont environ

813 752 1478 108 dix ans quelle feist a mourir ungne

834 842 1424 102 jument grise en chez le vieulx voueble

834 929 1455 99 Layant frappe avec une verge q son

800 1015 1500 96 mre lui avoit donne. Et ce a raison

807 1095 1517 97 de ce quil lavoyent charge destre este

806 1184 1299 96 en leur prel prendre de lerbe.

1067 1427 1113 144 Le premier de Septembre 1609

1086 1570 1109 79 lad Agatte fust condempnee

1098 1651 1062 71 destre Bruslee toute vive

1095 1730 1194 87 Mais p grace heu fut decapitee

1115 1820 1161 75 et dezlat son corps jecte au feug.
