2560 3735
729 232 1584 79 ungs q alloyent de travers les aultres q sont

741 321 1554 77 mortz. Mais ne scait dou procedoyent telles

761 408 859 65 Inconveniens et maladies

666 558 1650 74 Semon villain dud Courthedoubs depose, que sont,

762 642 1617 83 environ, quatre ans quilz avoyent deux Juvencelx

737 747 1590 76 que vindrent malades Et estant estes conseilles

708 843 1656 68 de baptre les lings diceulx, deposant print

720 940 1593 69 Lesd Lings les baptirent avec des fleu dont

717 1029 1514 79 Lad Annelin se trouvat tout blessee p le

704 1129 1687 99 visaige. Non pourtant lesd Juvencelx morurent

705 1219 1548 73 Et a opinion deposant que lad Annelin les

722 1312 726 70 Leur feist mourir

716 1546 1639 81 Vaulbert Jordain dud lieu Par serement depose

717 1626 1611 79 Que la premiere femme de Estienne doland

735 1712 1650 72 devint malade sont plus de huit ans de sorte

732 1793 1617 66 quil La failloit tenir dont deposant y estant

747 1877 1529 71 et laidant a tenir, Icelle femme dud Doland

738 1999 1644 43 pnt plusrs aultres personnes dit q la Baillie

627 2052 434 56 entendant et nomant

743 2083 1612 73 quest Lad Annelin lui avoit donne la maladie.

695 2173 1579 78 de laquelle ayant quelquement trayne lad

699 2268 1569 76 de telle maladie finablement en est morte

653 2407 1620 106 Theunat guenin p serement depose, Que

708 2542 1638 51 Lannée passee, Lad Annelin fust interpeller

710 2616 1546 84 deposant de lui aller querir une charree de

744 2703 1568 85 feuille ce que nayant, peu faire pource que

713 2796 1662 82 Lui convenoit aller querir de lavenne lui refusa

731 2899 1591 84 Et le lendemain ayant deposant mene une

734 2992 1446 76 charree de boihin pour son frere Caspar,
