2754 3743
792 173 1674 151 Jehan mahon de Beurnevesain depose Que

785 328 1576 61 par ung soir en pntce de plusrs Que led

818 409 1566 76 Henri se declaira que Il avoit empeiche p

806 499 1680 64 deux ou trois nuct sa femme que se vouloit

807 583 1665 76 relever pour aller mectre le feug en la

804 680 1722 70 maison de ses freres Et quil sen deschargeoit

798 740 452 43 de tel faict

765 801 1629 74 Dit quil a ouys dire Que lon chargeoit et

810 880 1661 76 suspitionoit sont plus de quinze ans que lad

791 957 1720 70 Agatte estoit une genauche Et quelle avoit

818 1043 1693 68 fait a mourir des enffans a Bastien simon

800 1121 1678 81 et quon lui reprochoit ouvertement Coe aussi

830 1210 1578 76 fait mourir ung veau a Jehan muat et dune

809 1291 1624 72 une jument au voueble mesme quelle

824 1372 1605 79 avoit greve et tire les yeulx a lenfant de

813 1454 1571 86 henri guenat Et de plus greve et donne

773 1552 1590 72 La maladie a Richard chavanne de Cueve

822 1636 1557 85 questoit pour lors son serviteur. Et de

801 1723 1653 67 plus a opinion quelle lui a fait a mourir

776 1802 484 74 une jument.

836 1985 1483 71 Jehan pbtre Prestre de Beurnevesain

782 2074 1569 63 depose q dimenche devant le mostier

806 2160 1548 62 que led en pntce de Jaicque chevrolet

816 2238 1557 68 Que led henri dit Que Il se vouloit

801 2318 1710 77 descharger p devant eulx Que sad femme

828 2420 1662 71 sestoit voulu relever pour mectre le feu

840 2515 1650 147 en la maison de ses freres. Ce q led henri

822 2599 1524 81 raconta derechieff sur le soir devant

815 2698 258 67 plusrs

797 2787 1659 61 Dit avoir ouys dire a plusrs quelle estoit

845 2861 1666 66 genauche et quon lui avoit plusrs fois reproche

846 2936 1124 77 sans quelle sen soit purgee

825 3007 1668 91 dit quon la charge davoir creve les yeulx au a

837 3110 1625 76 lenfant henri guenat, fait mourir les
