2527 3717
675 208 1641 77 de passees de vaches p son vergier, mesme q

683 289 1584 92 passoyent entre deux paulx. Et lesquelles

707 381 1647 91 passees alloyent p dessus les murs du Cymetiere

680 484 1644 83 mais nentroyent aud Cymitiere ains alloyent

690 574 1511 92 a lentour de la maison de lad Annelin

568 708 1684 82 Dit de plus q lad Annelin a ung petit

723 788 1571 116 fils de leaige de dix ans lequel compta

674 863 1677 120 en la grange dud deposant, que Il y avoit

633 972 1625 88 ung noir hoe questoit entre en leur poille

722 1068 1639 93 et se y pourmenoit mais q sa mere nestoit

702 1161 1697 82 en la maison, Et q Il avoit heu sy grand peur

704 1258 1641 90 de lui q Il sestoit cache desoubs la couverte

737 1358 1549 94 du lict. Et q ayant lad Annelin sceu

692 1446 1521 117 q sond fils avoit desclaire tel faict elle

639 1556 707 96 Lavoit baptus.

713 1674 1482 108 Dit avoir tousjour ouys dire quelle lad

722 1785 1032 81 Annelin estoit une sorciere

548 1969 1779 129 Vernier Torel dud Courthedoubs, par serement,

737 2105 1653 79 Que la femme de lui deposant heust ung proces

758 2196 1629 70 contre lad Annelin en la Justice de Courthedoubs

746 2283 1527 63 desorte q la femme dud deposant, fust

744 2361 1515 69 contre condempnee a lemende de quatre

752 2428 1560 91 channes de vin, dont le lieu mesme jour,

744 2506 1532 105 estant deposant es champs nuictanment lad

755 2588 1578 120 Annelin (Comme la femme dud deposant le

749 2674 1557 109 mantient.) avec ung noir homme vindrent

752 2755 1566 124 nuitanment devant la maison dud deposant

758 2849 1593 130 Et rescria lad femme Disant Alison, vienca

788 2938 1476 115 vientend avec nous, voici ung homme qui
