2642 3818
1158 108 711 64 Le 19 19 dud mois

668 217 1713 79 Lad Alix estant interrogué dit que sont deux

146 306 277 46 A depuis

756 296 1674 73 ans Que Caspar vallat la vint solliciter daller

170 354 369 61 deculpe led

728 378 1638 85 p ensemble ent nuit et jour derrier chastillion

158 421 432 69 Caspar et dit

747 453 1235 97 ou estant ne treuvarent personne

155 479 460 68 Lui faire tord

180 545 440 73 a raison de ce

170 606 544 70 q led Caspar lavoit

755 634 1662 79 Dit navoir treuver son mre charbon sinon deux

179 674 492 56 accuse de lavoir

743 713 1677 75 fois lune des fois sont 10 ans passes derrier

168 740 401 49 treuve en son

174 797 197 46 curtil

731 798 1716 85 ches elle et lors quelle se donna a lui et quelle

740 882 1735 84 Renuncea dieu, Cresme et baptesme et leur heust

761 966 1663 84 sa compagnie Et quatre ans apres lors quil

734 1054 1756 74 Lalla treuver quelle alloit aux au bois es combe

758 1143 1659 72 combes de vaulx genai Et que pour lors Il estoit

771 1230 1629 76 vestus de gris Et heust sa compagnie et

752 1321 1225 71 lui donna derechieff du poulsat

723 1453 1701 86 Dit nestre este que deux fois derrier chastillion

756 1540 1710 89 ou estoient la vefve Guenin vne et Adelheit

137 1597 396 54 les a depuis

729 1626 695 76 quest prisonniere

135 1662 308 61 deculpe

720 1726 1706 71 Lune des fois y alloyent a pied et laultre des fois

750 1815 549 67 sur ung baston

735 1917 1668 81 Ouquel lieu Il y avoit du feug Et y en avoit

767 2002 1104 72 plusrs quavoyent des chaperons.

728 2127 1647 69 Dit que au mesme lieu dud Sabath derrier

765 2214 1722 66 chastillion estoyent la vefve Pierrat girardat

771 2292 1746 76 et la femme Nicolas quain questoyent accopagnees

129 2368 425 62 les a depuis

743 2377 663 69 de chacn leur mre

149 2432 330 75 deculpe.

671 2496 1701 93 Et que aud lieu estoyent aussi la vouille la

756 2589 1710 67 bonne femme de Boix et la Phillippe dud lieu

1106 2838 1086 36 Le 21 dud mois estant

744 2920 1728 93 derechieff simplement Intterroguee a dit tout

756 3004 1509 81 entierement mis duny les faictz p elle

786 3090 1569 84 cy devant escriptz et declaires quelle se

774 3186 801 72 faisoit grand tord.

750 3303 1664 67 Surquoi veu lesd preuves et informats levees
