2506 3738
693 170 1557 240 Jehan perrin guenin de Courthedoubs Par

765 330 1632 90 serement depose, Quil na aulcune mescreance

732 419 1554 94 sur lad Annelin. Mais dit quil a bien ouys

749 509 1399 90 dire et encrier Lad Annelin pour estre

761 612 274 71 sorciere

722 782 1620 96 Guilliame perriat, Par serement depose, Que

731 866 1668 99 Lad Annelin et sa mere ont quest morte quont

743 964 1695 63 heu demeure proche de la maison dud deposant

1635 993 93 69 ans

788 1037 1635 83 Et sont plus de quinze quicelles se faschoyent

788 1122 1575 95 cont deposant et ses gens de sorte que tost

773 1215 1609 101 Incontinent Il devint deux chevaulx malades

776 1308 1509 101 aud deposant Et estant este deposant

782 1409 1428 94 prendre des herbes au Curtil delles

743 1487 1567 113 Lung diceulx guerit et laultre mourut

804 1584 1508 117 dit quil a perdus beaulxcoup de chevaulx

783 1694 1520 108 et avoit deposant opininion q lad Annelin

783 1803 1404 95 et sa mere Lui faisoyent a mourir

851 1979 1375 79 Dit de plus Les avoir p plusrs fois,

816 2066 1415 91 appelle sorciere, sans quicelles sen

801 2162 839 105 soyent venge p droit.

741 2405 1650 100 Mory vauthier, dud chevene Par serement depose

798 2486 1538 85 que lad Annelin a heu espose, le frere de

804 2552 1512 94 Lui deposant ; Et quon a tousjour reputee

788 2626 1542 106 Icelle Annelin estre une sorciere. Mesme

773 2723 1605 123 q lui et sa femme apres quilz avoyent heu

791 2817 1558 116 des querelles de propos avec lad Annelin, quilz

800 2915 1515 112 sont estes fort malades devenus debilles et

813 3011 1424 106 heu des bestiaulx beaulxcoup malades les
