2549 3822
1043 155 1420 61 Reconfessions des actes crimes et delicts de

1095 228 1370 71 Commis et perpetres p Alix vefve George

636 254 309 56 Sortilege

1113 297 1365 99 Rossel de Boncourt. Selon quicelle les

1131 369 1353 99 a heu recongnus et reconfesses librement

1128 444 1293 105 les 17. 19. 21. 25 et 27. de mai an

1131 565 345 68 pnt 1610.

770 696 1632 102 Premierement confesse que sont environ dix

792 777 1460 104 ans, Qung homme entre nuict et Jour

786 865 1575 99 sadressa a elle la sollicitant de se donner

794 952 1644 89 a lui quil ne la laisseroit jamais et lui

768 1032 1661 104 donneroit de lor et de largent pour rebastir

780 1121 1589 112 sa maison ; ce quelle feist, et receut dicelui

758 1235 1566 102 de largent comme lui sembloit mais quayant

780 1334 1559 94 regarde ce ne fust q du pous de la poulsiere

743 1504 1530 76 Item confesse qualors elle fust de mesme

777 1587 1683 74 sollicitee de Renuncer Dieu Cresme et baptesme

768 1678 1691 88 et de le recepvoir pour son mre, ce quelle

767 1765 1683 103 feist Renuncea dieu Cresme et baptesme

735 1853 1683 97 et receut Icelui pour son mre lequel

771 1969 1626 54 disoit sappeller charbon. Et heust alors sa

786 2020 377 46 compagnie

717 2109 1637 121 Item confesse q alors sond mre Charbon

711 2193 1625 120 lui donnat du poulsat pour nuire a

740 2300 1635 124 gens et bestes. Mais quelle nen a use a

755 2399 1521 138 Lendroit des personnes. Ains seulement

713 2502 577 72 envers les bestes.

698 2629 1587 106 Item confesse q dud poulsat elle en avoit

701 2737 1696 79 Jecté sur lune des vaches de Nicolas guyon

683 2832 813 72 Laquelle en mourut

779 2984 1681 106 De plus confesse quelle en avoit jecté sur lung

740 3078 1687 86 des chevaulx de Pierrat Bourquenei Questoit

729 3152 1701 85 devant sa maison, lequel en mourut. Et ce a
