2754 3743
204 1880 447 171 + p ses voisins

746 159 1669 166 Estienne sen alla a galfinguen vers une femme

779 269 1701 147 pour treuver garison. Laquelle feist responce

782 375 1605 149 a icellui q deposant estoit greve p une femme

774 502 1728 93 dud Beurnevesain quelle ne nomma point

735 619 1671 97 Et na deposant aultre opinion sinon que

774 727 1599 90 lad Agatte lui a donne le mal p la

729 825 1773 81 vtuz de la deposit de lad feme de galfinguen

738 1158 1676 126 henri guenat de Beurnevesain depose que le

754 1298 1724 98 serviteur de lui deposant et le fils de lad Agatte

785 1378 1566 69 estoient es champs lesquelx trouvarent ung

780 1466 1617 77 meschant manteau lequel Il pourta le

761 1552 1650 75 filz de lad Agatte pourta en sa mais leur

773 1634 1569 72 maison dont deposant en nom de son fils

771 1721 1653 64 en repeta la moitie pour sond fils : Ce que

746 1814 1731 72 Le mari de lad Agatte avec Rigoreuses parolles

774 1901 1599 82 refusa Et estant estes admonestes + de lui

780 1985 1614 88 payer la moitie icelui en fust comptant

780 2078 1572 90 porveu que lui gaingneroit jus aestoure

762 2164 1577 88 Ce questant advenu et estant led henri

783 2261 1623 89 vouelin en la maison dud deposant leur

780 2344 1467 81 enffant devint malade et ne veit

789 2429 1545 97 aulcunement de quoi deposant estant

788 2526 1657 114 conseille daller de pourter led enfant

801 2627 1632 105 a galfinguen vers une femme pour le

813 2725 1635 94 faire a guerir Aussy tost quicelle

789 2829 1563 93 le veit elle dit que led enffant

794 2920 1624 95 estoit engenauche p des mauvaises gens

798 3008 1625 93 Et que feroit tant quelles yroyent

804 3100 1485 84 en leur maisons Et surce sen

792 3179 1472 102 retourna. Et tost apres lad

2349 3602 60 78 8
