<?xml version="1.0" encoding="UTF-8"?>
<alto xmlns:xsi="http://www.w3.org/2001/XMLSchema-instance"
      xmlns="http://www.loc.gov/standards/alto/ns-v4#"
      xmlns:page="http://schema.primaresearch.org/PAGE/gts/pagecontent/2013-07-15"
      xsi:schemaLocation="http://www.loc.gov/standards/alto/ns-v4# https://www.loc.gov/standards/alto/v4/alto.xsd">
   <Description>
      <MeasurementUnit>pixel</MeasurementUnit>
      <OCRProcessing ID="IdOcr">
         <ocrProcessingStep>
            <processingDateTime>2022-03-03T16:39:27.819+01:00</processingDateTime>
            <processingSoftware>
               <softwareCreator>READ COOP</softwareCreator>
               <softwareName>Transkribus</softwareName>
            </processingSoftware>
         </ocrProcessingStep>
      </OCRProcessing>
   </Description>
   <Layout>
      <Page ID="Page1" PHYSICAL_IMG_NR="1" HEIGHT="3743" WIDTH="2754">
         <TopMargin HEIGHT="0" WIDTH="2754" VPOS="0" HPOS="0"/>
         <LeftMargin HEIGHT="3743" WIDTH="0" VPOS="0" HPOS="0"/>
         <RightMargin HEIGHT="3743" WIDTH="0" VPOS="0" HPOS="2754"/>
         <BottomMargin HEIGHT="0" WIDTH="2754" VPOS="3743" HPOS="0"/>
         <PrintSpace HEIGHT="3743" WIDTH="2754" VPOS="0" HPOS="0">
            <TextBlock ID="r1" HEIGHT="90" WIDTH="61" VPOS="3584" HPOS="56">
               <Shape>
                  <Polygon POINTS="56,3584 56,3674 117,3674 117,3584"/>
               </Shape>
            </TextBlock>
            <TextBlock ID="region_1639427367647_577"
                       HEIGHT="221"
                       WIDTH="842"
                       VPOS="118"
                       HPOS="292">
               <Shape>
                  <Polygon POINTS="1134,339 292,339 292,118 1134,118"/>
               </Shape>
            </TextBlock>
            <TextBlock ID="r2" HEIGHT="3469" WIDTH="2189" VPOS="141" HPOS="324">
               <Shape>
                  <Polygon POINTS="324,141 324,3610 2513,3610 2513,141"/>
               </Shape>
               <TextLine ID="r2l1"
                         BASELINE="324,189 363,189 403,189 443,189 483,189 522,189 562,189 602,189 642,188 681,188 721,188 761,188 801,186 840,186 880,185 920,185 960,184 999,183 1039,182 1079,182 1119,180"
                         HEIGHT="52"
                         WIDTH="795"
                         VPOS="151"
                         HPOS="324">
                  <String ID="string_r2l1"
                          HEIGHT="52"
                          WIDTH="795"
                          VPOS="151"
                          HPOS="324"
                          CONTENT="Informations levees cot"/>
               </TextLine>
               <TextLine ID="line_1639427437549_589"
                         BASELINE="364,264 429,264 555,259 660,243 767,256 915,240 985,251 1090,248"
                         HEIGHT="97"
                         WIDTH="747"
                         VPOS="194"
                         HPOS="343">
                  <String ID="string_line_1639427437549_589"
                          HEIGHT="97"
                          WIDTH="747"
                          VPOS="194"
                          HPOS="343"
                          CONTENT="Agatte femme de henri"/>
               </TextLine>
               <TextLine ID="r2l2"
                         BASELINE="1604,194 1633,194 1662,192 1691,192 1721,191 1750,189 1779,188 1809,186 1838,186 1867,185 1897,183 1926,183 1955,182 1984,182 2014,182 2043,182 2072,182 2102,182 2131,183 2160,185 2190,186"
                         HEIGHT="126"
                         WIDTH="660"
                         VPOS="106"
                         HPOS="1604">
                  <String ID="string_r2l2"
                          HEIGHT="126"
                          WIDTH="660"
                          VPOS="106"
                          HPOS="1604"
                          CONTENT="1609. 15. aug "/>
               </TextLine>
               <TextLine ID="r2l4"
                         BASELINE="351,326 389,322 427,319 466,316 504,313 543,311 581,308 619,306 658,305 696,303 735,302 773,302 811,300 850,299 888,299 927,299 965,299 1003,299 1042,299 1080,299 1119,299"
                         HEIGHT="61"
                         WIDTH="768"
                         VPOS="276"
                         HPOS="351">
                  <String ID="string_r2l4"
                          HEIGHT="61"
                          WIDTH="768"
                          VPOS="276"
                          HPOS="351"
                          CONTENT="Vouelin de Beurnevesain "/>
               </TextLine>
               <TextLine ID="line_1639427441808_592"
                         BASELINE="1189,267 1399,267 1544,272 1686,288 1801,286 1871,286"
                         HEIGHT="143"
                         WIDTH="763"
                         VPOS="202"
                         HPOS="1122">
                  <String ID="string_line_1639427441808_592"
                          HEIGHT="143"
                          WIDTH="763"
                          VPOS="202"
                          HPOS="1122"
                          CONTENT="Du 15 daougst 1609"/>
               </TextLine>
               <TextLine ID="r2l5"
                         BASELINE="800,429 869,426 939,422 1009,420 1079,419 1149,417 1218,417 1288,417 1358,417 1428,419 1498,419 1567,420 1637,422 1707,423 1777,423 1847,425 1916,425 1986,425 2056,425 2126,425 2196,423"
                         HEIGHT="128"
                         WIDTH="1405"
                         VPOS="347"
                         HPOS="791">
                  <String ID="string_r2l5"
                          HEIGHT="128"
                          WIDTH="1405"
                          VPOS="347"
                          HPOS="791"
                          CONTENT="Henneman Lacovatte de Beurnevesain "/>
               </TextLine>
               <TextLine ID="r2l6"
                         BASELINE="819,512 891,510 964,509 1037,507 1110,507 1183,507 1256,508 1329,509 1402,509 1475,510 1548,512 1620,513 1693,515 1766,515 1839,516 1912,518 1985,518 2058,519 2131,519 2204,519 2277,518"
                         HEIGHT="69"
                         WIDTH="1458"
                         VPOS="469"
                         HPOS="819">
                  <String ID="string_r2l6"
                          HEIGHT="69"
                          WIDTH="1458"
                          VPOS="469"
                          HPOS="819"
                          CONTENT="par serement depose Que sont environ "/>
               </TextLine>
               <TextLine ID="r2l7"
                         BASELINE="806,606 879,603 953,602 1027,600 1101,599 1175,599 1248,599 1322,599 1396,600 1470,600 1544,602 1617,603 1691,603 1765,604 1839,605 1913,605 1986,603 2060,603 2134,600 2208,599 2282,596"
                         HEIGHT="68"
                         WIDTH="1476"
                         VPOS="557"
                         HPOS="806">
                  <String ID="string_r2l7"
                          HEIGHT="68"
                          WIDTH="1476"
                          VPOS="557"
                          HPOS="806"
                          CONTENT="Seize ans quil servoit aupres du voueble "/>
               </TextLine>
               <TextLine ID="r2l8"
                         BASELINE="801,689 876,689 951,689 1026,687 1102,687 1177,687 1252,687 1328,688 1403,689 1478,689 1554,689 1629,690 1704,690 1779,690 1855,692 1930,693 2005,693 2081,695 2156,696 2231,696 2307,698"
                         HEIGHT="72"
                         WIDTH="1506"
                         VPOS="646"
                         HPOS="801">
                  <String ID="string_r2l8"
                          HEIGHT="72"
                          WIDTH="1506"
                          VPOS="646"
                          HPOS="801"
                          CONTENT="dud lieu Et estant alle requerir les chevaulx "/>
               </TextLine>
               <TextLine ID="r2l9"
                         BASELINE="809,777 887,777 965,777 1043,777 1121,779 1200,779 1278,780 1356,782 1434,783 1512,785 1591,786 1669,788 1747,788 1825,789 1903,789 1982,791 2060,791 2138,791 2216,789 2294,788 2373,786"
                         HEIGHT="78"
                         WIDTH="1564"
                         VPOS="734"
                         HPOS="809">
                  <String ID="string_r2l9"
                          HEIGHT="78"
                          WIDTH="1564"
                          VPOS="734"
                          HPOS="809"
                          CONTENT="de son mre ainsy quil les chassoit p aupres "/>
               </TextLine>
               <TextLine ID="r2l10"
                         BASELINE="777,867 853,869 929,872 1006,873 1082,875 1158,877 1235,879 1311,880 1387,881 1464,882 1540,884 1616,884 1693,885 1769,885 1845,887 1922,887 1998,887 2074,887 2151,887 2227,887 2304,887"
                         HEIGHT="89"
                         WIDTH="1527"
                         VPOS="821"
                         HPOS="777">
                  <String ID="string_r2l10"
                          HEIGHT="89"
                          WIDTH="1527"
                          VPOS="821"
                          HPOS="777"
                          CONTENT="du vergier de Aug henri vouelin. Agatte "/>
               </TextLine>
               <TextLine ID="r2l11"
                         BASELINE="816,960 891,963 966,968 1042,970 1117,972 1193,974 1268,975 1343,977 1419,978 1494,978 1570,980 1645,980 1720,980 1796,981 1871,981 1947,983 2022,983 2097,984 2173,986 2248,987 2324,990"
                         HEIGHT="99"
                         WIDTH="1508"
                         VPOS="914"
                         HPOS="816">
                  <String ID="string_r2l11"
                          HEIGHT="99"
                          WIDTH="1508"
                          VPOS="914"
                          HPOS="816"
                          CONTENT="femme dicelui dit estant au dessus dud "/>
               </TextLine>
               <TextLine ID="r2l12"
                         BASELINE="792,1059 868,1063 945,1067 1022,1070 1099,1072 1176,1074 1252,1076 1329,1077 1406,1079 1483,1080 1560,1082 1636,1082 1713,1083 1790,1083 1867,1083 1944,1085 2020,1086 2097,1086 2174,1088 2251,1089 2328,1091"
                         HEIGHT="101"
                         WIDTH="1536"
                         VPOS="1013"
                         HPOS="792">
                  <String ID="string_r2l12"
                          HEIGHT="101"
                          WIDTH="1536"
                          VPOS="1013"
                          HPOS="792"
                          CONTENT="vergier ainsy q led chevaulx passoyent "/>
               </TextLine>
               <TextLine ID="r2l13"
                         BASELINE="810,1187 887,1189 965,1191 1042,1193 1120,1193 1197,1193 1275,1193 1352,1191 1430,1191 1507,1190 1585,1190 1662,1188 1740,1187 1817,1187 1895,1187 1972,1187 2050,1188 2127,1190 2205,1193 2282,1196 2360,1200"
                         HEIGHT="82"
                         WIDTH="1550"
                         VPOS="1141"
                         HPOS="810">
                  <String ID="string_r2l13"
                          HEIGHT="82"
                          WIDTH="1550"
                          VPOS="1141"
                          HPOS="810"
                          CONTENT="se baissat puis jeta de la main [ illisible ] "/>
               </TextLine>
               <TextLine ID="r2l14"
                         BASELINE="812,1302 890,1304 968,1304 1046,1304 1124,1304 1203,1302 1281,1301 1359,1299 1437,1298 1515,1296 1594,1293 1672,1292 1750,1290 1828,1289 1906,1287 1985,1287 2063,1287 2141,1288 2219,1290 2297,1292 2376,1296"
                         HEIGHT="86"
                         WIDTH="1564"
                         VPOS="1241"
                         HPOS="812">
                  <String ID="string_r2l14"
                          HEIGHT="86"
                          WIDTH="1564"
                          VPOS="1241"
                          HPOS="812"
                          CONTENT="contre lesd chevaux mais deposant ne "/>
               </TextLine>
               <TextLine ID="r2l15"
                         BASELINE="806,1406 891,1407 976,1408 1062,1409 1147,1409 1232,1409 1318,1409 1403,1407 1488,1407 1574,1406 1659,1404 1744,1403 1830,1401 1915,1401 2000,1400 2086,1398 2171,1397 2256,1397 2342,1395 2427,1395 2513,1395"
                         HEIGHT="83"
                         WIDTH="1707"
                         VPOS="1349"
                         HPOS="806">
                  <String ID="string_r2l15"
                          HEIGHT="83"
                          WIDTH="1707"
                          VPOS="1349"
                          HPOS="806"
                          CONTENT="veit point ce que sestoit. Et tout Instanment "/>
               </TextLine>
               <TextLine ID="r2l16"
                         BASELINE="773,1514 852,1514 932,1514 1012,1513 1092,1512 1172,1511 1251,1511 1331,1509 1411,1508 1491,1507 1571,1506 1650,1505 1730,1505 1810,1503 1890,1503 1970,1503 2049,1503 2129,1503 2209,1503 2289,1505 2369,1506"
                         HEIGHT="80"
                         WIDTH="1596"
                         VPOS="1457"
                         HPOS="773">
                  <String ID="string_r2l16"
                          HEIGHT="80"
                          WIDTH="1596"
                          VPOS="1457"
                          HPOS="773"
                          CONTENT="Lung des chevaulx de sond mre tombat "/>
               </TextLine>
               <TextLine ID="r2l17"
                         BASELINE="782,1653 863,1648 944,1642 1025,1638 1106,1634 1187,1629 1268,1626 1349,1623 1430,1620 1511,1618 1592,1616 1673,1614 1754,1614 1835,1613 1916,1613 1997,1614 2078,1614 2159,1616 2240,1619 2321,1620"
                         HEIGHT="147"
                         WIDTH="1601"
                         VPOS="1567"
                         HPOS="720">
                  <String ID="string_r2l17"
                          HEIGHT="147"
                          WIDTH="1601"
                          VPOS="1567"
                          HPOS="720"
                          CONTENT="p terre tout accoutreti. Lequel Ilz "/>
               </TextLine>
               <TextLine ID="r2l18"
                         BASELINE="761,1743 842,1746 924,1748 1005,1748 1087,1748 1169,1746 1250,1744 1332,1741 1413,1739 1495,1736 1577,1733 1658,1730 1740,1728 1821,1726 1903,1725 1985,1725 2066,1727 2148,1730 2229,1734 2311,1740 2393,1746"
                         HEIGHT="137"
                         WIDTH="1674"
                         VPOS="1679"
                         HPOS="719">
                  <String ID="string_r2l18"
                          HEIGHT="137"
                          WIDTH="1674"
                          VPOS="1679"
                          HPOS="719"
                          CONTENT="Laissarent p quelque temps devant la "/>
               </TextLine>
               <TextLine ID="r2l19"
                         BASELINE="776,1853 849,1853 922,1854 995,1854 1069,1856 1142,1856 1215,1857 1288,1857 1362,1857 1435,1857 1508,1857 1581,1857 1655,1857 1728,1856 1801,1856 1874,1853 1948,1851 2021,1849 2094,1847 2167,1843 2241,1839"
                         HEIGHT="87"
                         WIDTH="1465"
                         VPOS="1793"
                         HPOS="776">
                  <String ID="string_r2l19"
                          HEIGHT="87"
                          WIDTH="1465"
                          VPOS="1793"
                          HPOS="776"
                          CONTENT="maison dud vouelin. Et desla le "/>
               </TextLine>
               <TextLine ID="r2l20"
                         BASELINE="776,1982 857,1980 938,1978 1019,1977 1100,1976 1182,1974 1263,1974 1344,1973 1425,1971 1506,1970 1588,1970 1669,1968 1750,1967 1831,1965 1912,1962 1994,1960 2075,1956 2156,1954 2237,1950 2318,1945 2400,1940"
                         HEIGHT="111"
                         WIDTH="1624"
                         VPOS="1894"
                         HPOS="776">
                  <String ID="string_r2l20"
                          HEIGHT="111"
                          WIDTH="1624"
                          VPOS="1894"
                          HPOS="776"
                          CONTENT="pourtarent en la maison de sond mre. "/>
               </TextLine>
               <TextLine ID="r2l21"
                         BASELINE="788,2157 865,2159 943,2160 1021,2160 1098,2160 1176,2160 1254,2160 1331,2159 1409,2157 1487,2156 1565,2154 1642,2153 1720,2151 1798,2150 1875,2148 1953,2147 2031,2145 2108,2144 2186,2144 2264,2142 2342,2142"
                         HEIGHT="87"
                         WIDTH="1554"
                         VPOS="2096"
                         HPOS="788">
                  <String ID="string_r2l21"
                          HEIGHT="87"
                          WIDTH="1554"
                          VPOS="2096"
                          HPOS="788"
                          CONTENT="Dit en oultre q dimenche passe du soir "/>
               </TextLine>
               <TextLine ID="r2l22"
                         BASELINE="761,2271 843,2271 926,2270 1008,2268 1091,2267 1173,2264 1256,2262 1338,2259 1421,2257 1503,2255 1586,2252 1668,2250 1751,2249 1833,2247 1916,2246 1998,2246 2081,2246 2163,2246 2246,2247 2328,2250 2411,2253"
                         HEIGHT="119"
                         WIDTH="1650"
                         VPOS="2200"
                         HPOS="761">
                  <String ID="string_r2l22"
                          HEIGHT="119"
                          WIDTH="1650"
                          VPOS="2200"
                          HPOS="761"
                          CONTENT="led henri vouelin estant alle en la maison "/>
               </TextLine>
               <TextLine ID="r2l23"
                         BASELINE="777,2385 855,2380 933,2376 1012,2372 1090,2367 1169,2364 1247,2360 1325,2357 1404,2354 1482,2352 1561,2349 1639,2347 1717,2345 1796,2343 1874,2342 1953,2340 2031,2339 2109,2337 2188,2337 2266,2336 2345,2336"
                         HEIGHT="116"
                         WIDTH="1568"
                         VPOS="2291"
                         HPOS="777">
                  <String ID="string_r2l23"
                          HEIGHT="116"
                          WIDTH="1568"
                          VPOS="2291"
                          HPOS="777"
                          CONTENT="de lui deposant. Icelui dit quil ne "/>
               </TextLine>
               <TextLine ID="r2l24"
                         BASELINE="812,2501 895,2491 978,2484 1061,2476 1144,2470 1227,2464 1310,2459 1393,2453 1476,2448 1559,2444 1642,2441 1725,2438 1808,2434 1891,2432 1974,2429 2057,2427 2140,2426 2223,2424 2306,2423 2389,2423 2472,2421"
                         HEIGHT="146"
                         WIDTH="1660"
                         VPOS="2377"
                         HPOS="812">
                  <String ID="string_r2l24"
                          HEIGHT="146"
                          WIDTH="1660"
                          VPOS="2377"
                          HPOS="812"
                          CONTENT="scavoit ce quil vouloit faire de sa femme "/>
               </TextLine>
               <TextLine ID="r2l25"
                         BASELINE="822,2589 903,2582 984,2577 1066,2570 1147,2565 1229,2559 1310,2554 1392,2550 1473,2547 1555,2543 1636,2540 1717,2538 1799,2537 1880,2535 1962,2534 2043,2534 2125,2534 2206,2534 2288,2535 2369,2536 2451,2538"
                         HEIGHT="121"
                         WIDTH="1629"
                         VPOS="2490"
                         HPOS="822">
                  <String ID="string_r2l25"
                          HEIGHT="121"
                          WIDTH="1629"
                          VPOS="2490"
                          HPOS="822"
                          CONTENT="quelle sestoit volsus relever deux ou trois "/>
               </TextLine>
               <TextLine ID="r2l26"
                         BASELINE="836,2681 915,2678 995,2674 1075,2670 1155,2667 1235,2663 1314,2658 1394,2653 1474,2648 1554,2643 1634,2640 1713,2636 1793,2633 1873,2629 1953,2625 2033,2624 2112,2622 2192,2621 2272,2621 2352,2621 2432,2622"
                         HEIGHT="147"
                         WIDTH="1643"
                         VPOS="2575"
                         HPOS="789">
                  <String ID="string_r2l26"
                          HEIGHT="147"
                          WIDTH="1643"
                          VPOS="2575"
                          HPOS="789"
                          CONTENT="fois pour aller mectre le feug en la maison "/>
               </TextLine>
               <TextLine ID="r2l27"
                         BASELINE="809,2772 886,2772 964,2771 1042,2769 1120,2766 1198,2762 1276,2759 1353,2753 1431,2747 1509,2742 1587,2737 1665,2732 1743,2727 1821,2723 1898,2720 1976,2717 2054,2715 2132,2715 2210,2715 2288,2718 2366,2721"
                         HEIGHT="126"
                         WIDTH="1557"
                         VPOS="2669"
                         HPOS="809">
                  <String ID="string_r2l27"
                          HEIGHT="126"
                          WIDTH="1557"
                          VPOS="2669"
                          HPOS="809"
                          CONTENT="des freres de lui Neust este quil lavoit "/>
               </TextLine>
               <TextLine ID="r2l28"
                         BASELINE="794,2865 872,2865 950,2864 1028,2862 1106,2860 1184,2857 1262,2854 1340,2850 1418,2845 1496,2841 1574,2835 1652,2831 1730,2826 1808,2820 1886,2816 1964,2811 2042,2807 2120,2802 2198,2799 2276,2796 2354,2793"
                         HEIGHT="138"
                         WIDTH="1560"
                         VPOS="2749"
                         HPOS="794">
                  <String ID="string_r2l28"
                          HEIGHT="138"
                          WIDTH="1560"
                          VPOS="2749"
                          HPOS="794"
                          CONTENT="empeiche Et q sen elle sen estoit alle "/>
               </TextLine>
               <TextLine ID="r2l29"
                         BASELINE="797,2958 879,2956 961,2954 1043,2951 1125,2947 1207,2943 1289,2939 1371,2936 1453,2931 1535,2927 1617,2922 1699,2918 1781,2913 1863,2909 1945,2903 2027,2899 2109,2895 2191,2890 2273,2886 2355,2882 2438,2879"
                         HEIGHT="142"
                         WIDTH="1641"
                         VPOS="2837"
                         HPOS="797">
                  <String ID="string_r2l29"
                          HEIGHT="142"
                          WIDTH="1641"
                          VPOS="2837"
                          HPOS="797"
                          CONTENT="nesachant ou elle alloit Et quicelle sestoit "/>
               </TextLine>
               <TextLine ID="r2l30"
                         BASELINE="800,3042 882,3044 964,3044 1046,3042 1128,3041 1210,3037 1292,3033 1374,3028 1456,3023 1538,3017 1620,3012 1702,3006 1784,3000 1866,2997 1948,2993 2030,2990 2112,2987 2194,2987 2276,2987 2358,2990 2441,2994"
                         HEIGHT="120"
                         WIDTH="1641"
                         VPOS="2945"
                         HPOS="800">
                  <String ID="string_r2l30"
                          HEIGHT="120"
                          WIDTH="1641"
                          VPOS="2945"
                          HPOS="800"
                          CONTENT="declaire quelle ne rentreroit dedans Beur- "/>
               </TextLine>
               <TextLine ID="r2l31"
                         BASELINE="809,3129 889,3134 969,3135 1049,3135 1130,3134 1210,3132 1290,3129 1370,3125 1451,3120 1531,3115 1611,3110 1691,3105 1772,3100 1852,3096 1932,3093 2012,3092 2093,3092 2173,3092 2253,3095 2333,3099 2414,3107"
                         HEIGHT="107"
                         WIDTH="1605"
                         VPOS="3049"
                         HPOS="809">
                  <String ID="string_r2l31"
                          HEIGHT="107"
                          WIDTH="1605"
                          VPOS="3049"
                          HPOS="809"
                          CONTENT="nevesain quelle neust faict du mal, quest "/>
               </TextLine>
               <TextLine ID="r2l32"
                         BASELINE="809,3233 847,3231 886,3230 924,3230 963,3228 1001,3227 1040,3226 1078,3225 1117,3224 1155,3222 1194,3221 1233,3220 1271,3218 1310,3218 1348,3216 1387,3214 1425,3212 1464,3210 1502,3208 1541,3206 1580,3204"
                         HEIGHT="96"
                         WIDTH="771"
                         VPOS="3159"
                         HPOS="809">
                  <String ID="string_r2l32"
                          HEIGHT="96"
                          WIDTH="771"
                          VPOS="3159"
                          HPOS="809"
                          CONTENT="tout ce quil en scait "/>
               </TextLine>
               <TextLine ID="r2l33"
                         BASELINE="1356,3582 1383,3577 1411,3574 1439,3572 1467,3573"
                         HEIGHT="79"
                         WIDTH="111"
                         VPOS="3526"
                         HPOS="1356">
                  <String ID="string_r2l33"
                          HEIGHT="79"
                          WIDTH="111"
                          VPOS="3526"
                          HPOS="1356"
                          CONTENT="2 "/>
               </TextLine>
               <TextLine ID="r2l34"
                         BASELINE="2369,3587 2415,3585"
                         HEIGHT="71"
                         WIDTH="46"
                         VPOS="3539"
                         HPOS="2369">
                  <String ID="string_r2l34"
                          HEIGHT="71"
                          WIDTH="46"
                          VPOS="3539"
                          HPOS="2369"
                          CONTENT="1"/>
               </TextLine>
            </TextBlock>
         </PrintSpace>
      </Page>
   </Layout>
</alto>
