2754 3743
1103 163 1265 195 I econfessions des Notes Cannes et

1135 318 1157 119 voelicz, Comme et pepetre p

1141 403 1321 96 Aquelate vefve de feu Ehiebanet

1173 454 1143 137 fomment de Boufelz. Par elle

1183 563 1225 98 ldrement recoguin les ses le

1183 641 1234 121 Et dervier jour daopst de lain puit

1199 716 194 96 1609

883 818 1609 169 Prtnnerement corfesse q sont environ quinze

893 924 1545 128 sons Questant en la ville de Pourrent inco

859 1022 1556 133 et ayant heu quelque parolles avec sond

833 1104 1575 130 marg A raison quilz estoyent poursant de

847 1177 1543 131 leu Thebault machangne pour des dpinies

823 1279 1565 147 qquil avoyt her heu de lux Qucelin sord

830 1353 1599 113 mary estant remupx de vin mousta sur se

846 1460 1502 135 charrete et sen alla la laissont aller

855 1547 1491 144 seule a pred et estant venne jusques

850 1631 1605 138 au bois de Morteveille. ung eau eisme

854 1747 1565 129 homme vesta de verd scomme lug seubloi t

845 1842 1489 92 la surpairla de se donner a lug et

844 1904 1368 161 quil ne la lai sseroit jamais et lai

836 2007 1544 159 domneroit de largent Ce quelle feist

815 2106 1547 154 Et benmmter allors dieu Eet la vierge

826 2248 1535 121 mare Brefmenet baptesaoe et print

828 2338 1581 134 led vestr de vere pour son mre lequel

830 2413 1584 132 Disoit sappeller fffme Et henust allors

825 2482 1444 151 Come depuis beaulx cour de fois s sa

856 2582 1587 138 compague. lequel lux donna de largeat

856 2704 1542 131 cooine lu seubloit Mas quant Il fust

833 2774 1595 127 d spartis cene fit que des fevlles de

843 2842 1485 160 chasme Comne ausq lui donna du

842 2936 1544 142 poulsat pour faire a mourir bestes et gens

848 3007 1583 172 et de la graisse pour se froter pour aller

848 3114 413 114 au Bbutt
