2565 3746
432 2665 163 159 22

762 224 1470 78 faschee de sorte q tout Instamment lad

753 314 1580 78 seure dud deposant devint malade, et disoit

743 410 1518 79 que lad Annelin lui avoit donne le mal

762 511 1440 74 dequoi elle morut quelque temps apres.

672 626 1607 91 Dit quil a tousjours ouys appeller sorciere

746 841 1635 91 Jehan Jordain dud Courthedoubs Pas serement depose

797 932 1533 94 quil a de long temps ouys suspitionner lad

776 1022 1530 93 Annelin estre une sorciere aultre chose nen

791 1127 162 63 scait.

723 1274 1664 87 Nicolas torel dud Courthedoubs depose que lui

752 1358 1551 74 deposant a heu des chievres que ne vouloyent

767 1421 1569 89 donner leur laict, et questant este advertis

752 1507 1503 90 de leur voisins de prendre des herbes au

773 1593 1557 74 curtil de ceulx quil se mefioyent et en

761 1686 1575 77 leur en donner, a manger quelles guairiroyent

768 1774 1487 86 Ce que la femme dud deposant a heu

779 1870 1659 86 execute Que tousjour lesd chievres rendoyent

759 1966 1670 83 Leur laict Et dit avoir fait cela a reyterrees fois.

759 2162 1584 76 Dedie villain p serement depose, que p une fois

770 2237 1647 85 la mere de deposant ayant apporte au marche

768 2338 1569 88 vendre du beurre Lad Annelin le tint et

759 2432 1518 78 mania. Et estant retour, les vaches dud

756 2530 1554 79 deposant donnoyent du laict quon heust

783 2638 1614 88 bien trayne ptout le villaige. Sur quoi estant

731 2747 1662 75 La mere dud deposant estee conseillee elle

788 2851 1474 73 fust prendre des herbes au curtil delle

762 2942 1560 90 lad Annelin, et en donna a manger aux vaches
