2601 3864
822 198 1565 148 Item confesse Icelle avoir jecté dud poulsat

837 292 1523 131 sur les porcs Jehan du pray, a raison de

828 378 1568 126 ce quil ne lui avoit volsus aller querir du

822 469 1293 99 bois, Et que ptant ils en morurent.

765 619 1608 83 Item confesse que sond mre Hemmerlin lui

819 700 1536 92 avoit donné de la graisse, et que dicelle

813 799 1479 84 graisse elle en avoit frotte une petite

833 898 1516 78 verge, de laquelle elle frappa lune

831 996 1521 88 des fille de Caspar vallat quen devint

860 1087 1630 92 malade. Et ce a raison de ce quelle ne

810 1186 1569 81 Lui avoit volsus donner des blassons,

1748 1256 146 33 celle

801 1295 1671 71 mais ne scait sy ceste la quest morte ou

807 1371 161 64 non

750 1504 1671 74 Item confesse que au rond bois de millandre

762 1588 1761 75 q led son mre la venoit treuver et avoit allors

812 1672 678 75 sa compagnie.
