2622 3818
78 1454 522 62 proche du fahie

120 1523 306 54 de dele

687 149 1715 75 raison de ce q led Bourquenei ne lui poyoit

674 255 1731 61 point une chievre q les chiens dud Bourquenei

1004 304 111 42 avoint [le début du mot n'est pas pris et je n'arrive pas à étendre la sélection]

680 344 969 48 lui avoyent gastei domaige

680 515 1722 87 Item confesse avoir encour jecté dud poulsat

695 594 1692 90 sur ung cheval chastré de poil gris questoit

707 675 1707 78 a Mori guyon, a raison de ce q led Mori ne lui

713 770 1596 73 vouloit donner aulcune recompense de la

684 885 1791 78 maison qui celui tenoit q meuvoit delle, lequel

713 945 333 53 en mourut

645 1047 1683 68 Item confesse que led Charbon son mre avoit

683 1129 1635 67 les pieds ronds coe une beste. Et que ses

687 1223 833 64 habitz estoient de gris

687 1389 1661 75 Item confesse quicelle sest treuve au Sabath

693 1475 1635 64 Sur les planches gribolai ☨ Auquel lieu

693 1563 1623 57 Il y en avoit pluses aultres quelle ne

672 1655 1677 57 cougnoissoit pce quelles estoient masquees.
