2633 3956
519 1025 63 153 3

588 513 64 50 1

1286 189 913 96 Du 24 de Novembre 1608

1196 296 1278 103 Interrogaulx faict a Annelin vefve de

1235 389 1158 70 Pierrat vauthier, de Courthedoubs

800 537 1527 96 A quelle raison elle est estee tiree en prison.

578 745 1773 86 2 Sy point elle a frappe au Louvre lucie fille

846 829 543 61 Pierre Broingne

620 877 234 77 Negat

767 1044 1744 121 Sy point elle a heu frappe lenfant henri Coinson

701 1108 222 75 Negat

765 1307 1542 129 Sy point elle a heu greve a la femme dud

579 1389 75 70 4

792 1408 491 66 henri Coinson

657 1486 297 66 Negat

788 1618 1579 159 Quel passes de vache se retreuvyent

785 1733 1690 149 derrier sa maison et dessus son toict en temps

542 1757 83 82 5

776 1828 222 52 dhivers

692 1893 1864 83 Respond que ce nest seulement derrier chies elle mais ptout le vilage

779 2020 1735 131 Qui estoit ce Noir homme que se retreuvoit

525 2124 104 79 6

812 2116 1687 143 en son poille et en sa maison que son fils aveu

809 2222 501 84 souventesfois

599 2288 235 77 Negat

792 2430 1578 134 Pourquoi elle a baptuz son fils que lavoit

795 2528 287 55 divulgue

678 2588 242 63 Negat

756 2744 1574 98 Quell estoit cest homme que fust avec elle

786 2845 1743 96 devant les fenestres de Vernier thorel q vouloit

558 2916 78 69 8

777 2932 1671 98 donner de largent a la femme dud Vnier

762 3024 1785 97 pour payer les emendes Que lad femme debvoit

495 3106 251 68 Negat

732 3173 1713 163 Qui a cause la maladie de lad femme dud

558 3262 51 66 9

714 3336 1728 89 vnier quelle avoit les mains closes Et p apres

757 3412 682 57 perdit La parolle

558 3525 267 48 Negat
