2648 3947
815 220 1668 94 A quelle occasion lad Annelin fust faschee

827 305 1671 98 lors quela f coiffe de la seure Thevnat

128 297 615 75 Confesse avoir maudit

162 366 652 67 celle que faisoit 20 tord

828 387 1623 99 maillat fust perdue, Et sy elle scait rien

185 443 582 51 a laultre quelle ne

821 477 1755 88 de la maladie dicelle dequoi la mort sen ensuivit

176 514 561 49 deust point vivre ung

198 579 630 52 an. Et est depuis morte

738 655 1740 118 Sy elle scait point qui avoit oste Le laict aux

845 742 1638 108 chievres de Nicolas torel et comme le laict

564 826 96 63 21

788 846 624 84 Leur est revenu.

609 944 230 50 Negat

744 1072 1688 142 Sy elle scait point qui estoit la cause du laict

803 1171 1629 92 des vaches de dedie villain lors quelle lad

812 1252 1663 93 Annelin fust au marche avec leur mere,

566 1283 231 75 22

833 1337 1705 84 et avoit tenu et manie en ses mains lebeurre

605 1441 255 58 Negat

778 1509 1599 122 Sy elle scait point la cause dela maladie

816 1639 1656 69 du cheval dud dedie Lors quelle quil lui

533 1691 106 62 23

846 1717 1487 81 refusa daller querir une charre de bois

651 1808 288 80 Negat

839 1948 1596 61 Du cheval mort a Perrin coinson et devenu

830 2020 1638 73 malade incontinenti apres que led Perrin

506 2054 138 71 24

824 2106 1731 79 Lui heust refuse de mener du fumier et quelle

788 2193 1456 80 Leust menace quil nen gaingneroit rien.

629 2314 271 75 Negat

815 2491 1582 73 Quil Maudiroit tant Vernier coinson quille

537 2536 93 66 25

810 2566 912 71 feroit a seicher sur terre.

791 2747 1675 72 Lors quon portoit lenfant vnier coinson pour

828 2833 1679 75 baptiser, quelle dit a Belet feme Borcard guenin

819 2921 1632 71 qui tient cest enffant quelle respondit bien veoir

495 2954 159 78 26.

807 3005 1686 71 q surce elle dit quelle feroit le diable que lui deust

825 3106 1692 75 tomber sus et sur le pere et sur la mere et sur

764 3196 1384 61 Lenfant et sur les parain et maronnes.
